1932 3252
950 148 1001 191 13

209 288 389 344 positum
428 289 500 338 sit;
538 288 583 330 in
626 287 767 331 formis
814 291 1023 341 ΤΕΡΨΙ,
1061 286 1292 340 ΙΙΛΗΞΙ,
1332 288 1505 339 (DEI,
1548 287 1746 338 ΦΘΙΣΙ,

208 355 409 411 ἘΡΥΣΙ,
440 357 634 401 suffixum
666 370 709 402 σι
739 370 864 414 purae
896 358 1015 412 stirpi
1046 358 1312 401 subiunctum
1343 358 1416 401 est.
1443 355 1614 411 antiquo
1635 354 1747 398 enim

209 429 392 483 tempore
422 440 502 470 non
533 428 653 472 modo
684 428 831 483 stirpes
853 426 985 470 vocali
1006 427 1253 469 terminatae
1274 426 1344 468 sed
1365 427 1493 469 etiam
1514 424 1741 469 nonnullae

208 497 253 539 in
298 498 586 541 consonantem
632 497 826 539 exeuntes
871 495 930 538 sic
975 494 1143 538 formari
1189 494 1388 537 solebant.
1451 495 1541 537 Iam
1573 494 1625 537 ad
1656 495 1746 550 ipsa

211 566 435 622 composita
465 566 687 609 Homerica
717 577 790 608 nos
820 565 1118 607 convertamus.
1153 563 1346 606 Formam
1377 563 1614 619 imperativi
1649 565 1693 606 in
1724 578 1745 605 ε

207 637 308 680 haec
344 636 569 691 composita
607 635 818 678 exhibent:
859 634 1125 691 ἐχε-πευκής
1163 633 1430 687 ἐχέ-θυμος,
1460 631 1744 687 Ἐχέ-πωλος,

206 704 450 764 Ἐχὲ-νηος,
481 704 716 760 Ἀγὲ-λαος,
749 703 955 762 ἄγε-λείη,
976 702 1264 760 Ἀρχέ-λοχος,
1296 701 1578 760 α’ρχέ-κακος,
1599 707 1743 747 Μενέ-

213 775 337 829 λαος,
376 789 482 830 μενε
500 799 516 807 -
533 775 770 829 πτόλεμος,
801 788 907 829 μενε
924 798 939 805 -
956 774 1144 830 χάρμης,
1184 772 1469 826 ἑλκε-χίτων,
1500 772 1749 831 λεχε-ποίης

207 844 362 899 (λέγω,
392 843 507 888 radix
537 844 648 901 λεχ).
705 843 1005 899 Imperativum
1043 843 1087 885 in
1126 859 1142 885 ι
1173 842 1340 886 literam
1377 842 1478 885 haec
1521 842 1747 898 composita

206 914 420 969 praebent:
452 916 840 971 τερπι-κὲραυνος,
871 910 1121 964 εἰλί-πους,
1152 912 1445 969 λαθι-κηδής,
1477 911 1581 965 χαλί
1607 927 1745 969 φρων,

208 982 498 1035 α’λεξί-κακος.
550 983 780 1027 Secundam
817 994 1034 1038 personam
1072 981 1287 1025 indicativi
1325 981 1471 1024 suffixo
1503 991 1547 1023 σι
1577 981 1645 1024 vel
1675 995 1744 1025 εσι

206 1054 426 1098 formatam
477 1053 522 1096 in
574 1053 639 1097 his
688 1052 923 1108 compositis
969 1051 1333 1107 deprehendimus:
1382 1051 1490 1107 ἑρυσ
1508 1075 1525 1083 -
1547 1052 1746 1107 α’ρματες,

208 1123 528 1179 ἐρυσί-πτολις,
559 1124 837 1181 λυσι-μελής,
872 1123 1161 1180 πλησ-ίστιος
1189 1121 1531 1179 (πίμ-πλη-μι)
1569 1121 1744 1164 ταλασί-

206 1208 344 1250 φρων,
375 1194 740 1249 τανυσί-πτερος,
772 1192 1055 1249 φθισ-ήνωρ,
1088 1193 1462 1248 φθισί-μβροτος,
1494 1192 1744 1246 φυσί-ζοος.

207 1261 493 1320 αἐρσί-πους,
540 1259 665 1313 ἅλεξ-
684 1262 843 1317 ἄνεμος
850 1295 863 1315 ,
911 1259 1033 1312 <imi
1046 1286 1062 1293 -
1078 1276 1208 1310 κακος
1253 1258 1391 1316 (ἅλεξι
1416 1279 1455 1298 =
1479 1258 1582 1311 α’λεξ
1602 1266 1646 1311 4
1669 1261 1744 1317 σι),

207 1332 417 1375 ἐνν-οσί-
427 1347 548 1386 γαιος
566 1349 606 1369 =
625 1331 700 1384 ἐνν
715 1334 862 1380 -03-4-
880 1333 1078 1384 σί-γαιος
1109 1331 1158 1385 (a
1178 1330 1302 1373 verbo
1331 1328 1457 1373 (ὄθέω
1497 1330 1745 1374 descendens

207 1401 322 1444 ouius
354 1401 478 1456 stirps
510 1401 610 1444 olim
642 1398 703 1444 ὅθ
729 1401 902 1444 sonabat
939 1400 987 1443 cf.
1019 1400 1136 1442 Benf.
1175 1400 1215 1451 I,
1257 1400 1388 1455 254),
1432 1400 1743 1455 ἑν-οσί-χθων,

207 1469 593 1525 εἰν-οσί-φυλλος,
632 1470 913 1528 πλήξ-ιππος
952 1470 1147 1526 (πλήσσω
1167 1487 1207 1506 =
1224 1470 1339 1526 πληγ
1354 1474 1398 1519 -Ι-
1415 1470 1485 1525 ιω)
1514 1470 1743 1528 ῥηξ-ήνωρ

205 1540 359 1598 (ρήγ-ΐ-
380 1557 433 1584 νυ
450 1545 493 1591 -4-
509 1541 591 1597 μι),
623 1541 988 1598 τερψί-μβροτος.
1022 1538 1177 1583 αἚεσί-
1188 1555 1310 1596 φρων
1342 1540 1458 1595 (ἀἘω
1489 1540 1539 1584 cf.
1564 1541 1682 1584 Benf.
1708 1541 1741 1593 I,

206 1610 317 1667 263)
347 1608 509 1667 ἅλῳεσί
520 1612 667 1667 -βοια,
699 1610 1062 1662 έλκεσί-πεπλος,
1094 1610 1447 1668 πηγεσί-μαλλος
1478 1610 1583 1669 (πήγ
1614 1615 1658 1661 -ί-
1689 1626 1745 1654 νυ

206 1686 248 1730 4-
279 1681 355 1737 μι)
385 1681 682 1737 ταμεσί-χρως
720 1680 773 1732 (ἔ
798 1685 842 1731 4-
875 1695 960 1735 ταμ
990 1685 1033 1730 -Ι-
1065 1681 1156 1736 ον),
1194 1677 1523 1737 ω’λεσί-καρπος
1560 1680 1745 1736 (ὄλλυμι

209 1769 248 1788 =
282 1748 333 1794 ὄλ
364 1755 407 1801 -}-
439 1766 493 1794 »νυ
525 1755 568 1801 ÷
598 1766 670 1805 μι,
709 1750 825 1793 cuius
862 1749 998 1805 prima
1035 1750 1187 1793 vocalis
1224 1750 1348 1793 metri
1387 1762 1509 1794 causa
1546 1750 1745 1805 producta

208 1822 299 1878 est).
351 1822 413 1865 Ex
442 1821 519 1864 hac
550 1834 708 1876 quoque
739 1821 982 1864 formatione
1013 1821 1200 1876 cognosci
1238 1820 1337 1864 licet
1373 1821 1417 1863 in
1456 1820 1743 1876 componendis

204 1891 413 1936 vocabulis
450 1892 636 1948 rhythmi
674 1891 867 1947 dactylici
897 1904 1104 1935 summam
1150 1892 1352 1935 rationem
1399 1891 1587 1935 habitam
1633 1904 1742 1936 esse·

205 1962 358 2005 etenim
387 1963 509 2016 prout
548 1974 689 2004 versus
727 1961 912 2004 heroicus
950 1961 1151 2015 postulat,
1195 1963 1269 2004 aut
1298 1976 1320 2003 ε
1350 1962 1459 2005 inter
1491 1962 1663 2017 stirpem
1701 1962 1744 2005 et

201 2030 395 2074 suffixum
440 2030 748 2086 interpositum,
801 2031 874 2074 aut
920 2044 963 2073 σι
1009 2031 1127 2085 stirpi
1174 2043 1300 2086 purae
1347 2031 1615 2076 subiunctum
1662 2032 1736 2076 est.

203 2100 377 2144 Minime
408 2114 480 2145 nos
502 2101 610 2157 fugit
640 2101 674 2144 si
696 2102 915 2144 verborum
935 2101 1151 2144 flexionem
1172 2102 1427 2157 respicimus,
1462 2102 1598 2157 qualis
1620 2101 1742 2145 hodie

204 2170 337 2215 doceri
369 2170 485 2224 solet,
519 2183 644 2226 quam
675 2171 796 2215 modo
826 2170 1072 2227 protulimus
1102 2170 1416 2226 explicationem
1437 2172 1583 2216 nonin
1604 2171 1743 2215 omnia

202 2240 325 2283 huius
346 2240 603 2284 formationis
627 2241 852 2296 composita
882 2241 1093 2296 quadrare,
1127 2241 1234 2296 quod
1264 2241 1513 2285 indicativus
1544 2254 1741 2297 personae

203 2310 403 2354 secundae
433 2311 596 2366 saepius
627 2311 747 2367 longe
779 2311 901 2355 aliter
930 2311 1099 2355 formari
1129 2311 1316 2364 debebat,
1350 2325 1475 2367 quam
1495 2312 1563 2355 hic
1583 2311 1740 2355 factum

202 2381 275 2424 est.
338 2380 505 2423 Etenim
536 2380 588 2423 ad
608 2380 924 2436 grammaticam
949 2394 1052 2436 quae
1074 2381 1194 2424 hodie
1215 2382 1394 2424 traditur
1415 2394 1556 2425 omnes
1577 2382 1737 2436 stirpes,

202 2450 287 2493 sive
317 2449 361 2492 in
390 2451 692 2502 consonantem,
731 2450 816 2493 sive
847 2450 891 2492 in
922 2450 1104 2494 vocalem
1137 2452 1304 2504 exeunt,
1345 2451 1636 2496 terminatione
1671 2464 1739 2495 εσι

201 2519 337 2563 omari
374 2519 596 2572 debebant,
641 2518 862 2562 nonnullae
894 2520 1021 2563 etiam
1051 2520 1204 2563 vocalis
1241 2521 1481 2576 gradatione
1520 2523 1593 2565 aut
1630 2524 1740 2565 certo

201 2588 385 2633 flexionis
406 2589 521 2646 signo
543 2589 752 2646 augendae
773 2591 902 2633 erant.
926 2602 1071 2645 φυεσι,
1094 2603 1281 2644 τεμνεσι,
1310 2594 1505 2647 φθινεσι,
1536 2604 1740 2649 πηγνυσι,

205 2657 380 2716 ἅειρεσι.
451 2658 531 2704 Sed
569 2672 688 2703 nemo
730 2659 901 2704 fortasse
931 2659 1204 2712 contenderit,
1244 2659 1460 2718 flexionem
1490 2674 1652 2717 semper
1688 2662 1742 2707 ad

204 2729 368 2774 easdem
398 2730 510 2786 leges
540 2730 694 2774 factam
724 2743 824 2783 esse,
857 2743 957 2786 quas
989 2743 1096 2773 nunc
1127 2729 1332 2782 videmus;
1380 2731 1481 2786 quin
1511 2732 1639 2776 etiam
1666 2746 1739 2788 pro

203 2801 312 2845 certo
333 2800 568 2844 habendum
590 2800 663 2852 est,
687 2800 905 2855 permultis
925 2799 1132 2843 radicibus
1153 2800 1300 2844 suffixa
1321 2802 1408 2845 sine
1430 2802 1583 2846 vocalis
1603 2802 1739 2846 vinclo

202 2870 421 2914 subiuncta
451 2870 588 2913 fuisse.
658 2870 888 2913 Posteriore
925 2883 1021 2913 vero
1057 2871 1241 2925 tempore
1280 2884 1374 2914 cum
1413 2872 1557 2928 lingua
1593 2885 1739 2928 graeca

202 2952 247 2982 eo
277 2939 506 2993 inclinaret,
540 2940 588 2982 ut
618 2940 756 2983 omnia
785 2940 910 2983 verba
939 2939 1102 2982 flexioni
1141 2940 1183 2981 in
1221 2957 1254 2981 ω
1286 2928 1550 2996 astringeret,
1590 2942 1738 2996 stirpes
