1932 3252
913 143 968 187 14

160 277 398 331 primitivae
429 279 535 322 aliae
566 279 660 323 aliis
690 279 911 324 fiexionum
950 281 1080 338 signis
1108 282 1243 324 ornari
1273 281 1488 326 debebant.
1522 282 1571 325 cf.
1603 294 1707 337 quae

160 347 319 405 Benfey
350 348 521 404 praefat.
546 349 651 393 VIII
674 350 723 394 de
745 351 887 396 decem
909 351 1127 395 verborum
1148 349 1392 396 flexionibus
1414 351 1563 406 docuit,
1596 352 1707 395 mul-

160 418 306 472 tosque
336 417 445 461 locos
467 418 601 462 Curtii
632 419 729 463 libri
762 422 833 476 qui
855 422 919 465 est
949 421 999 464 de
1021 419 1264 465 formatione
1294 421 1528 476 temporum
1558 422 1600 465 et
1619 434 1707 464 mo-

161 486 319 530 dorum.
355 486 635 544 Similimmodo
656 491 780 545 atque
801 490 845 534 in
867 490 1004 535 verbis
1026 503 1098 546 per
1129 502 1172 532 σι
1193 488 1261 533 vel
1281 502 1349 533 εσι
1370 490 1562 545 praefixis
1582 491 1708 535 etiam

160 557 204 599 in
236 557 287 600 iis
318 570 422 612 quae
453 574 475 600 ε
507 559 549 601 et
580 575 595 600 ι
621 559 859 615 imperativi
890 561 1039 604 suffixa
1071 559 1280 615 praebent,
1313 559 1429 603 radix
1450 562 1630 617 genuina
1652 562 1704 606 ad

161 627 388 682 composita
418 627 634 672 formanda
664 630 854 675 adhibita
885 633 959 676 est.

280 697 495 740 Postremo
541 699 628 742 loco
666 698 863 743 Grimmii
901 700 1285 756 interpretationem
1331 701 1463 745 denuo
1505 703 1708 759 attingere

161 767 280 810 nobis
317 767 452 811 liceat.
524 769 767 824 Imperativi
808 770 961 814 formas
997 770 1220 814 indicativo
1258 770 1359 814 olim
1405 785 1484 815 non
1530 772 1708 828 impares

162 836 289 880 fuisse
320 837 391 880 sed
422 838 559 892 potius
591 838 713 881 illum
745 840 915 882 modum
947 840 1105 884 obtusis
1135 840 1295 883 suffixis
1326 853 1374 883 ex
1405 841 1480 884 hoc
1518 842 1708 897 progeni-

160 909 252 951 tum
285 907 548 951 notissimum
579 910 654 953 est.
719 909 874 963 Quodsi
912 909 1243 966 magnitudinem
1288 909 1585 954 adiectivorum
1627 911 1708 955 im-

160 978 345 1032 perativo
376 978 420 1020 in
442 992 463 1021 e
485 979 755 1023 formatorum
776 981 957 1036 respicis,
991 993 1109 1035 porro
1132 980 1167 1023 si
1189 979 1306 1023 addis
1326 980 1370 1023 in
1391 981 1531 1023 nostra
1550 980 1706 1037 lingua,

161 1048 203 1090 et
233 1048 276 1090 in
303 1047 447 1103 lingua
478 1048 707 1092 recentium
730 1049 948 1093 Gallorum
979 1049 1273 1104 imperativum
1302 1050 1354 1092 ad
1375 1050 1574 1093 vocabula
1595 1063 1707 1094 com-

160 1117 347 1172 ponenda
379 1117 607 1173 plurimum
639 1118 796 1172 valere,
842 1119 1068 1163 haud.scio
1100 1132 1152 1163 an
1183 1119 1258 1163 has
1289 1132 1448 1175 quoque
1480 1119 1632 1165 formas
1663 1121 1706 1164 in

161 1201 205 1230 σι
252 1189 444 1232 cadentes
489 1189 643 1243 priscos
688 1189 955 1243 imperativos
1001 1190 1151 1233 habere
1199 1189 1333 1233 malis.
1406 1189 1495 1242 Quo
1536 1190 1706 1244 probato

162 1255 393 1301 Grimmius
425 1271 592 1301 sensum
625 1259 728 1302 bene
771 1259 978 1314 perspexit
1016 1272 1192 1314 eumque
1230 1259 1317 1302 sola
1363 1259 1494 1302 forma
1539 1259 1698 1314 aliquid

160 1327 322 1369 fefellit.
386 1327 622 1383 Composita
651 1326 908 1381 Ἆγεσί-λαος
928 1330 971 1370 et
990 1327 1203 1382 Ἀγὲ-λαος
1232 1328 1317 1371 iam
1338 1341 1469 1383 neque
1490 1341 1611 1371 sensu
1632 1341 1706 1370 nec-

160 1396 293 1440 forma
323 1397 396 1441 sed
426 1411 508 1441 uno
538 1400 772 1454 temporum
794 1397 1030 1442 discrimine
1051 1398 1160 1443 inter
1191 1411 1234 1442 se
1255 1398 1423 1450 distant,
1457 1411 1551 1441 curn
1573 1410 1705 1441 sermo

159 1480 331 1521 graecus
375 1466 612 1521 imperativi
657 1468 701 1510 in
748 1479 791 1509 σι
838 1467 1020 1511 cadentis
1067 1468 1150 1510 iam
1197 1467 1350 1510 oblitus
1395 1467 1482 1510 eius
1527 1468 1569 1510 in
1618 1467 1705 1509 loco

159 1535 429 1580 recentiorem
461 1536 636 1579 formam
675 1536 728 1580 ad
759 1536 956 1580 vocabula
988 1536 1266 1592 componenda
1287 1536 1534 1580 adhibuerit.
1570 1536 1704 1590 Quam

159 1606 332 1662 pulchra
362 1606 587 1660 composita
618 1606 694 1649 hac
716 1606 1021 1661 compositionis
1042 1606 1200 1649 ratione
1221 1607 1436 1662 progenita
1456 1606 1551 1656 sint.
1585 1607 1703 1649 lucu-

159 1676 273 1719 lento
294 1676 358 1718 est
378 1675 621 1718 documento
650 1688 799 1719 nomen
819 1673 1151 1733 Ἀναβησί-νεως
1181 1688 1357 1731 quocum
1387 1676 1551 1719 tantum
1582 1675 1703 1718 modo

161 1746 300 1789 nostra
337 1746 504 1789 nomina
536 1746 850 1802 Springinsfeld.
886 1746 1225 1802 Schlaginsweite
1262 1746 1489 1802 comparari
1519 1746 1700 1800 possunt.

159 1815 320 1859 Deinde
341 1815 376 1858 si
408 1828 502 1858 cum
533 1815 770 1871 compositis
793 1814 1017 1870 ἄγεσίλαος
1038 1816 1081 1859 et
1102 1813 1293 1869 ἄγὲλαος,
1324 1814 1634 1865 ἑλκεσίπεπλος
1662 1814 1703 1857 et

166 1887 398 1939 ἑλκεχίτων
429 1886 655 1940 composita
687 1887 998 1941 τανυσίπτερος
1028 1886 1069 1928 et
1085 1886 1368 1939 τανυγλώχιν,
1390 1885 1597 1940 τανυήκες
1624 1884 1699 1926 ete.

159 1956 439 2012 ταλασίφρων
460 1955 502 1998 et
522 1954 766 2010 ταλαεργός,
788 1954 1065 2013 ταλαπενθής
1085 1954 1161 1999 etc.
1186 1954 1445 2008 conferimus,
1463 1967 1569 1998 unus
1589 1953 1702 2009 quis-

159 2024 247 2082 que}
276 2025 418 2079 opinor
456 2024 583 2068 etiam
615 2040 723 2067 τανυ
765 2026 807 2067 et
837 2025 946 2067 ταλα
977 2024 1131 2067 formas
1170 2025 1214 2067 in
1245 2025 1583 2080 imperativorum
1625 2037 1703 2067 nu-

158 2107 320 2139 merum
358 2093 592 2137 referendas
631 2106 718 2138 esse
756 2093 873 2137 nobis
911 2093 1177 2145 assentietur;
1224 2106 1355 2148 neque
1400 2094 1485 2137 iam
1522 2106 1594 2137 cur
1630 2105 1703 2148 pro

158 2164 295 2209 radice
327 2177 451 2220 quam
490 2164 533 2207 in
573 2164 719 2207 ceteris
757 2163 909 2218 ubique
948 2163 1184 2219 compositis
1223 2162 1565 2217 deprehendimus
1602 2162 1703 2205 haec

158 2234 291 2279 forma
321 2232 499 2290 amplior
529 2232 736 2286 offeratur,
770 2232 1030 2282 mirabimur.

278 2305 369 2349 Etsi
417 2304 636 2359 explicatio
683 2303 1001 2358 compositorum
1049 2306 1404 2360 τερπικέραυνος,
1449 2302 1701 2359 λαθικηδής,

155 2375 405 2432 χαλίφρων,
442 2372 638 2423 εἰλίπους
680 2386 805 2429 quam
836 2386 960 2428 supra
991 2372 1181 2416 dedimus
1218 2385 1292 2428 per
1329 2385 1371 2415 se
1410 2370 1521 2414 haud
1558 2371 1700 2426 inepta

161 2447 236 2497 est,
270 2446 411 2487 tamen
444 2443 607 2498 aliquae
639 2455 785 2486 causae
815 2443 854 2485 ei
885 2455 1114 2498 repugnare
1145 2441 1349 2485 videntur.
1428 2441 1490 2483 Ac
1519 2440 1700 2496 primum

159 2513 326 2569 quidem
370 2513 502 2556 forma
548 2511 727 2556 verbalis
773 2511 1090 2567 compositorum
1137 2524 1218 2555 non
1263 2512 1353 2554 tam
1399 2510 1531 2554 activo
1577 2523 1701 2566 quam

158 2584 328 2627 mediali
360 2596 483 2627 sensu
514 2583 717 2626 instructa
756 2583 836 2633 est;
880 2582 960 2625 huc
998 2581 1155 2625 accedit
1193 2581 1390 2632 alterum,
1431 2580 1537 2635 quod
1575 2595 1702 2636 τερπι

159 2653 317 2697 dictum
347 2653 421 2706 sit,
454 2652 525 2696 ubi
558 2659 693 2710 τερψι
725 2651 1043 2708 exspectaveris;
1075 2651 1251 2707 denique
1280 2650 1512 2707 Hesychius
1555 2650 1697 2706 singu-

157 2723 259 2767 laris
290 2722 456 2765 dialecti
488 2722 739 2765 adiectivum
770 2721 893 2775 χάλις
924 2720 1124 2775 servavit,
1165 2720 1273 2776 quod
1305 2721 1441 2764 nostro
1479 2719 1701 2775 composito

154 2794 381 2849 χαλίφρων
409 2791 743 2847 circumscripsit.
798 2791 913 2834 Haec
934 2790 1132 2847 Hesychii
1168 2791 1300 2833 forma
1321 2789 1564 2834 documento
1585 2787 1702 2831 nobis

158 2876 246 2906 esse
278 2862 414 2915 debet,
446 2861 489 2904 in
520 2862 696 2923 dialecto
727 2861 867 2916 aliqua
897 2874 1045 2918 graeca
1075 2861 1279 2904 adiectiva
1300 2873 1348 2903 ex
1369 2860 1576 2904 radicibus
1609 2871 1700 2901 ver-

157 2934 322 2978 balibus
358 2933 504 2978 suffixo
542 2934 577 2976 is
615 2935 795 2977 subnexo
832 2933 1009 2976 formata
1047 2944 1145 2975 esse.
1216 2932 1278 2975 Ac
1317 2944 1459 2974 revera
1495 2930 1700 2973 Homerus
