1932 3252
924 167 978 214 δί

187 309 443 369 muffulas,
474 306 737 365 δημοβόρος,
771 307 1038 364 θυμοβόρος,
1069 304 1261 358 ἰοδόκος,
1301 305 1550 357 ξεινοδόκος
1568 337 1580 357 ,
1619 304 1733 361 εἰρο-

188 382 341 437 κόμος,
374 377 630 435 σηκοκόρος,
661 378 898 429 θυοσκόος,
929 378 1180 433 κεραοξόος,
1211 377 1499 429 δικασπόλος,
1530 375 1733 433 θαλαμη-

191 451 346 501 πόλος,
377 447 646 501 ἱπποπόλος,
677 445 904 498 οἰοπόλος,
936 444 1241 501 όνειροπόλος,
1274 445 1529 502 ὁδοιπόρος,
1570 461 1733 489 ποντο-

191 520 348 577 πόρος,
380 517 605 571 λαοσσόος,
636 518 921 573 μογοστόκος,
959 517 1252 573 πρωτοτόκος,
1284 517 1516 573 δρυτόμος,
1554 517 1734 572 γλακτο-

191 590 347 648 φᾰγος,
378 587 650 643 λωτοφάγος,
681 587 938 642 σιτοφάγος,
972 587 1281 642 θυμοφθόρος,
1313 584 1599 643 ἀνδροφόνος,
1629 602 1734 630 παι-

196 658 407 716 δοφόνος,
445 656 743 712 πατροφόνος,
784 656 1089 711 φασσοφόνος,
1137 653 1407 712 ἄθλοφόρος,
1444 656 1733 714 βουληφόρος,

192 727 436 784 ἑωσφόρος,
469 724 691 782 ἷσοφόρος,
721 725 955 780 λαοφόρος,
986 726 1255 782 πυρηφόρος,
1286 726 1552 781 πυροφόρος,
1586 726 1732 769 τελεσ-

195 798 346 854 φόρος,
368 795 617 853 χρυσοχόος.
649 795 983 850 Proparoxytona
1004 794 1102 838 sunt
1122 807 1182 847 ea,
1205 807 1380 849 quorum
1401 794 1524 838 verba
1546 797 1619 837 aut
1638 808 1734 851 pas-

193 867 282 911 siva
303 866 401 909 sunt
422 865 494 908 aut
515 863 779 908 intransitiva
800 865 873 908 aut
893 863 1007 917 talia,
1030 865 1079 907 ut
1098 864 1142 907 in
1173 877 1221 908 ea
1251 864 1541 920 compositione
1572 864 1733 920 passive

194 935 376 993 intelligi
396 948 477 982 non
499 934 667 992 possint.
710 934 873 987 εὔξοος,
905 934 1123 991 τρίπολος,
1144 934 1419 987 παλίντονος,
1441 932 1733 990 ἄμφίδρυφος,

193 1005 455 1059 παλίλλογος
484 1004 692 1061 passivam
723 1004 933 1048 notionem
963 1004 1073 1048 clare
1094 1003 1327 1048 ostendunt.
1362 1002 1606 1058 α’γχίμολος,
1638 1003 1734 1046 ἐπί-

194 1077 367 1133 δρομος,
397 1075 623 1131 βριήπυος,
652 1075 876 1131 μετήορος,
906 1075 1139 1127 πάναιθος,
1172 1071 1449 1129 ὀλοοίτροχος
1478 1070 1734 1115 intransitivi

192 1144 307 1188 verbi
337 1143 474 1200 gratia
503 1143 716 1186 accentum
748 1143 791 1186 in
821 1144 946 1187 tertia
978 1143 1138 1200 syllaba
1168 1144 1329 1199 gerunt.
1393 1142 1571 1186 Omnino
1605 1141 1733 1185 etiam

191 1214 234 1257 id
264 1212 491 1256 notandum
522 1213 602 1267 est,
635 1212 758 1255 huius
779 1212 1039 1255 formationis
1060 1212 1304 1268 composita,
1337 1224 1442 1267 quae
1474 1225 1496 1255 a
1527 1210 1732 1267 particula

191 1283 256 1327 vel
274 1282 466 1326 adverbio
483 1281 696 1338 incipiant,
715 1282 880 1326 tantum
902 1295 982 1325 non
1004 1282 1143 1326 omnia
1163 1282 1561 1339 προπαροξυτόνως
1581 1280 1734 1337 scripta

191 1365 290 1397 esse.
325 1350 607 1406 ἐγχέσπαλος,
646 1352 967 1407 πτολίπορθος,
1007 1351 1214 1407 ἷόμωρος,
1245 1353 1560 1408 ·ἐγχεσί,ιιωρος,
1601 1351 1733 1393 ἱππό-

191 1422 346 1476 δαμος,
378 1419 590 1475 αἰγίοχος,
628 1421 850 1478 γαιήοχος,
891 1419 1133 1477 ἅλλόθροος
1163 1421 1357 1477 ἀθηὶᾳαθ,
1391 1420 1579 1476 quamvis
1609 1419 1734 1464 verba

194 1490 328 1534 active
359 1492 557 1546 usurpata
587 1490 682 1542 sint,
715 1492 857 1533 tamen
886 1492 929 1533 in
951 1491 1301 1546 antepaenultima
1333 1491 1548 1534 accentum
1569 1491 1730 1546 gerunt,

186 1572 281 1602 cum
327 1559 377 1602 de
414 1560 579 1615 passiva
617 1559 780 1603 notione
828 1560 872 1603 in
910 1560 962 1603 iis
1001 1560 1214 1604 adiectivis
1254 1573 1305 1603 ne
1346 1560 1518 1616 cogitari
1558 1559 1728 1615 quidem

190 1627 331 1684 possit.
366 1628 509 1682 eadem
548 1629 598 1673 de
637 1642 759 1673 causa
797 1629 923 1673 etiam
956 1628 1195 1685 ἄγχὲμαχος
1225 1632 1268 1674 et
1296 1631 1518 1685 ναύμαχος
1552 1631 1629 1673 hoc
1664 1642 1734 1673 ac-

192 1698 314 1741 centu
344 1699 486 1742 notata
516 1700 623 1753 sunt,
657 1700 756 1744 dum
787 1701 1013 1756 πυγμάχος
1049 1702 1327 1757 paroxytonon
1366 1703 1440 1745 est.
1484 1699 1736 1758 ἀμφίπολος

193 1769 235 1812 et
265 1769 465 1826 ἑκάεργος
484 1770 700 1826 propterea
730 1771 838 1826 quod
869 1784 963 1814 cum
993 1771 1209 1826 particulis
1240 1772 1468 1828 composita
1498 1775 1596 1817 sunt
1625 1788 1735 1831 προ-

192 1839 497 1897 παροξυτόνως
525 1840 676 1897 scripta
705 1840 810 1884 mihi
840 1840 1043 1884 videntur.
1107 1842 1328 1885 Praeterea
1357 1855 1488 1898 pauca
1510 1844 1734 1900 composita

192 1910 406 1952 accentum
435 1909 479 1951 in
510 1909 591 1953 fine
621 1911 771 1965 gerunt
800 1909 931 1953 veluti
962 1908 1279 1968 ἁρματοπηγός,
1311 1910 1534 1970 ὀχετηγός,
1567 1911 1728 1971 ἄεργός,

193 1977 469 2036 ἐντεσιεργός,
501 1979 572 2022 sed
602 1992 733 2036 neque
750 1992 798 2023 ex
829 1979 919 2035 ipsa
950 1980 1193 2023 formatione
1215 1993 1346 2037 neque
1368 1995 1416 2025 ex
1438 1983 1602 2027 notione
1624 1996 1736 2027 com-

191 2047 421 2103 positorum
453 2049 525 2092 aut
555 2061 603 2092 ex
632 2062 710 2093 usu
740 2049 910 2092 metrico
940 2048 1029 2092 ulla
1060 2062 1183 2093 causa
1212 2049 1318 2093 mihi
1336 2042 1628 2108 ⁸cognoscenda
1657 2054 1733 2106 est,

192 2130 263 2160 cur
301 2119 491 2161 accentus
529 2118 573 2160 in
612 2118 761 2161 ultima
799 2118 957 2174 positus
992 2118 1065 2169 sit;
1107 2118 1279 2162 forsitan
1317 2121 1440 2176 longa
1478 2122 1736 2177 paenultima

192 2186 352 2241 aliquid
381 2187 561 2230 valuerit
590 2187 633 2230 in
663 2189 834 2231 accentu
864 2187 1060 2243 ponendo.
1094 2188 1157 2231 De
1177 2188 1388 2232 nonnullis
1408 2191 1618 2235 vocabulis
1638 2204 1735 2235 sane

191 2255 374 2300 dubitari
403 2258 549 2313 potest,
583 2258 725 2302 utrum
756 2271 780 2301 a
811 2258 934 2301 verbo
955 2257 1253 2311 descenderint,
1287 2273 1340 2303 an
1371 2259 1424 2303 ad
1454 2274 1602 2305 nomen
1632 2263 1731 2305 sub·

191 2326 419 2370 stantivum
450 2328 676 2372 revocanda
705 2328 800 2372 sint.
833 2325 1071 2385 α’γάννιφος
1102 2327 1187 2385 (νὶξ
1206 2330 1350 2387 νιφός,
1382 2332 1496 2387 νίφω
1509 2337 1547 2386 ),
1579 2333 1734 2377 παλίλ-

190 2396 316 2452 λογος
346 2398 509 2455 (λόγος,
540 2399 693 2454 λέγω),
723 2399 923 2456 εὕρροος,
956 2397 1166 2457 ἀγάρροος
1196 2400 1328 2457 (ῥόος,
1360 2402 1486 2457 ρἑ),
1527 2401 1736 2453 ἁλίπλοος

191 2466 356 2522 (πλόος,
387 2469 541 2523 πλέω),
574 2467 736 2526 ἄερ-γός,
769 2469 1033 2525 ἐντεσιεργός
1064 2469 1148 2512 alia
1168 2470 1212 2512 id
1232 2483 1372 2526 genus.
1419 2471 1481 2513 Ex
1510 2473 1734 2531 nostra'di-

191 2537 310 2580 cendi
348 2538 641 2582 consuetudine
680 2538 795 2582 verbi
833 2538 945 2582 notio
984 2537 1200 2581 adiectivis
1232 2539 1467 2595 compositis
1506 2541 1640 2596 aptior
1670 2542 1734 2584 vi-

192 2605 313 2651 detur
343 2620 443 2661 esse,
477 2609 600 2664 atque
639 2607 820 2651 Homero
857 2607 937 2663 ipsi
976 2607 1092 2651 verbi
1127 2607 1336 2658 notionem
1377 2610 1655 2667 praevaluisse
1686 2623 1735 2654 ex

193 2676 569 2735 circumscriptione
600 2677 815 2733 compositi
847 2677 1124 2734 πολύτροπος
1161 2679 1344 2733 apparet,
1386 2692 1480 2722 cum
1519 2681 1639 2735 pocta
1675 2680 1734 2724 sic

193 2748 349 2803 pergat:
380 2744 428 2798 ὃς
456 2747 575 2803 μάλα
597 2747 741 2791 πολλοὶ
770 2748 987 2805 πλάγχθη.

333 2818 366 2873 ξ.
394 2820 459 2862 17.
493 2818 619 2862 Porro
641 2818 860 2862 verborum
882 2816 1080 2873 stirpibus
1101 2817 1296 2862 suffixum
1327 2819 1538 2876 passivum
1568 2822 1618 2880 ής
1638 2822 1735 2866 sub—

191 2885 390 2942 iungitur.
438 2887 628 2932 Plurima
648 2888 771 2931 huius
792 2887 1049 2931 formationis
1070 2889 1295 2944 composita
1325 2903 1493 2934 sensum
1523 2891 1733 2946 passivum
