1932 3252
922 119 978 175 29

188 277 393 332 ταέτηρος
423 272 465 314 et
484 270 748 327 ἐπήτριμα,
779 284 952 326 quorum
983 272 1119 326 partes
1156 270 1399 325 posteriores
1437 280 1460 311 a
1492 267 1727 311 nominibus

186 344 283 393 ἔτος
302 343 345 386 et
364 340 515 400 ἢτριον
537 339 848 391 descenderunt;
879 341 923 383 in
954 340 1053 383 ἐτεσ
1081 340 1207 395 stirpe
1239 352 1268 381 σ
1296 338 1425 382 eiecto
1455 353 1476 380 ε
1508 337 1552 380 in
1585 352 1610 394 η
1633 349 1726 392 pro-

189 412 360 454 ductum
391 410 464 453 est.
527 410 588 452 De
620 410 916 458 adiectivorum
946 409 1103 452 suffixis
1141 410 1297 461 confer,
1337 422 1441 464 quae
1479 407 1647 452 Curtius
1685 407 1727 449 in

186 493 245 536 gr.
264 492 324 536 gr.
357 492 395 534 p.
431 481 525 523 173.
564 479 740 535 scripsit.
774 477 1035 535 ὐπερβξαλος
1065 491 1159 521 cum
1190 478 1447 521 Buttmanno
1478 477 1531 520 ad
1561 489 1727 532 compo-

187 549 313 593 situm
351 547 557 606 ὕπὲρβιος
599 548 876 592 revocandum
914 548 998 604 est,
1046 547 1111 589 cui
1160 546 1352 590 adiectivi
1392 545 1587 590 suffixum
1625 545 1730 595 αλος

187 618 415 662 subnexum
446 618 509 661 est
538 616 588 661 cf.
621 616 731 660 infra
763 613 1029 671 ἅμιχαλόεις.

186 736 223 778 2.
253 736 309 777 lle
330 735 535 777 adiectlvis
567 734 793 790 conpositis
824 745 991 787 quorun
1022 745 1115 787 pars
1146 733 1347 787 posterior
1378 733 1615 776 adientium
1647 739 1719 775 est.

326 828 346 882 ξ
380 828 444 870 15.
508 826 727 869 Adiectiva
757 826 800 868 in
832 825 1067 880 compositis
1105 824 1211 867 nihil
1248 825 1409 867 mutata
1451 825 1560 881 parti
1600 825 1726 880 priori

188 896 404 941 subiuncta
424 897 521 941 sunt
541 895 719 952 exceptis
740 894 950 939 vocabulis
970 894 1014 938 in
1038 894 1084 944 ύς
1113 892 1371 945 cadentibus;
1404 895 1594 938 accentus
1624 907 1726 949 quo-

187 980 265 1023 que
284 967 329 1009 in
349 966 539 1022 plurimis
560 965 796 1021 compositis
817 964 927 1008 idem
948 964 1089 1007 manet
1119 964 1242 1019 atque
1272 963 1316 1005 in
1347 963 1603 1018 simplicibus
1634 964 1725 1007 fuit.

187 1034 489 1092 ἆ-θεμίστιος,
521 1033 782 1092 α’ν-άρσιος,
815 1032 1105 1089 οἷ-νόστιμος,
1137 1033 1419 1089 ἐν-αίσιμος,
1441 1033 1729 1089 ἐν-αλίγκιος,

190 1106 464 1155 ἐπι-είκελος
494 1107 536 1148 et
566 1105 712 1148 suffixo
743 1120 808 1154 ιος
836 1117 910 1159 pro
941 1119 988 1153 ος
1017 1102 1157 1146 addito
1190 1101 1436 1156 ἅ-εικέλιος,
1470 1103 1577 1158 quod
1608 1104 1731 1146 metri

110 1166 117 1174 “
189 1176 325 1232 gratia
345 1175 472 1219 etiam
501 1175 545 1218 in
568 1172 788 1232 οἷ-εκήλιος
815 1173 1074 1225 immutatur,
1108 1170 1353 1230 α’-βληχρός,
1393 1184 1512 1227 porro
1533 1172 1731 1216 vocabula

190 1258 284 1288 cum
305 1244 518 1288 adiectivis
534 1257 558 1287 a
580 1243 715 1288 verbis
737 1243 871 1286 ductis
892 1241 1117 1297 composita
1137 1242 1444 1299 προ-πρηνής,
1465 1241 1730 1300 ἐκ-πρεπής,

191 1313 474 1371 α’ρι-φραδής,
517 1312 837 1369 κακο-φραδής,
885 1309 1179 1365 ἅγα-κλειτός,
1218 1310 1540 1367 δουρι-κλυτός,
1579 1326 1730 1355 ναυσι-

188 1384 362 1437 κλυτός,
408 1381 761 1438 ὄνομα-κλυτός,
808 1394 912 1437 quae
954 1379 1206 1435 simplicium
1251 1381 1465 1424 accentum
1497 1382 1726 1433 servarunt,

190 1454 340 1508 quippe
361 1454 432 1508 qui
452 1452 736 1496 terminationi
757 1451 874 1507 quasi
895 1451 1081 1506 proprius
1103 1450 1326 1494 inhaereat.
1366 1451 1415 1493 In
1436 1450 1488 1493 iis
1508 1464 1603 1494 vero
1620 1464 1730 1494 com-

190 1523 346 1579 opsitis,
370 1535 542 1578 quorum
564 1521 772 1578 simplicia
792 1522 937 1565 tonum
958 1520 1002 1564 in
1022 1520 1158 1575 prima
1174 1519 1334 1575 syllaba
1355 1520 1586 1575 portabant,
1609 1521 1730 1564 tonus

190 1594 297 1636 retro
317 1594 474 1635 tractus
495 1594 568 1635 est.
603 1592 843 1640 ἐνί-πλειος
858 1590 1042 1647 (πλεῖος)
1066 1590 1285 1644 ἔμπλεως,
1308 1590 1479 1644 σύμπας
1502 1590 1731 1647 (πᾶς)πρό-

191 1678 288 1714 πας,
311 1662 579 1718 πάμπρωτος
602 1662 806 1717 (πρῶτος)
828 1660 1077 1715 πολύ-ιδρις
1092 1658 1246 1715 (ἴδρις).
1270 1659 1431 1703 Deinde
1452 1659 1582 1703 etiam
1598 1662 1729 1704 metro

191 1731 351 1775 heroico
382 1731 520 1786 aliqua
549 1731 654 1775 ratio
685 1730 873 1774 habenda
905 1730 985 1781 est3
1017 1741 1195 1784 namque
1225 1729 1333 1773 ictus
1364 1729 1558 1785 dactylici
1593 1730 1731 1785 gravi-

191 1802 278 1844 tate
308 1801 414 1845 mihi
444 1801 600 1845 fantum
630 1800 811 1854 Videtur,
844 1802 893 1843 ut
914 1799 1155 1856 πρόκλυτος
1175 1801 1217 1842 et
1246 1799 1541 1854 παμποίκιλος
1570 1799 1730 1856 Simpli-

193 1870 305 1913 cium
335 1871 525 1914 accentus
546 1870 713 1923 κλυτός,
745 1870 944 1918 ποικίλος
963 1869 1007 1911 in
1029 1869 1426 1924 antepaenultimam
1456 1869 1731 1923 retraherent;

194 1940 445 1996 eandemque
477 1941 527 1984 ob
559 1953 729 1983 causum
758 1939 912 1995 πικρός
940 1952 991 1982 ne
1023 1938 1237 1994 compositi
1275 1939 1582 1997 πρλύ-πικρος
1611 1941 1732 1987 tonus

194 2009 318 2053 nimis
349 2009 597 2065 discreparet
627 2010 679 2052 ab
709 2009 796 2052 ictu
826 2009 988 2052 heroico
1021 2009 1197 2052 ultimae
1228 2010 1443 2053 accentum
1482 2010 1526 2052 in
1563 2011 1733 2055 tertiam

194 2079 399 2136 syllabam
436 2079 623 2123 reiecisse
653 2078 827 2122 videtur.
891 2078 1051 2122 Deinde
1089 2078 1256 2122 nomina
1293 2079 1457 2136 propria
1495 2079 1734 2135 excipienda

195 2151 309 2201 sunt3
340 2150 384 2193 in
413 2150 479 2193 his
510 2150 619 2193 enim
653 2151 843 2193 accentus
874 2162 1034 2205 semper
1072 2149 1116 2192 in
1148 2150 1546 2205 antepaenultimam
1578 2151 1733 2195 retrahi

196 2218 311 2274 solet.
359 2217 611 2277 Ἆρηίφιλος,
641 2217 870 2277 Ἀρηίθοος,
900 2217 1139 2268 Ἀλκάθοος.

336 2288 554 2332 Adiectiva
582 2288 627 2332 in
650 2289 697 2339 ύς
716 2289 906 2333 cadentia
934 2288 1007 2332 ubi
1027 2290 1327 2344 componuntur
1356 2290 1401 2332 in
1433 2290 1481 2347 ής
1499 2291 1728 2342 mutantur,

197 2360 239 2403 et
269 2358 469 2402 feminina
499 2371 547 2402 ea
566 2358 795 2402 mutatione
816 2357 1066 2412 afficiuntur,
1099 2359 1147 2402 ut
1176 2360 1321 2402 tonum
1352 2360 1395 2402 in
1416 2359 1584 2403 tertiam
1606 2360 1734 2415 sylla-

197 2429 295 2473 bam
322 2428 546 2473 retrahant.
600 2429 882 2486 χαλκοβαρής,
913 2428 1216 2484 χαλκοβάρεια,
1247 2429 1458 2487 θυμηδής,
1490 2426 1733 2487 οἰνοβαρής,

195 2499 415 2557 ποδώκης,
445 2498 672 2557 μελιηδής,
705 2497 995 2555 αμφιδάσεια,
1028 2499 1305 2543 ἱπποδάσεια
1353 2500 1396 2542 in
1427 2501 1627 2557 ποδώκης
1665 2513 1733 2544 ao-

197 2570 340 2613 centus
369 2569 413 2612 in
442 2568 744 2631 paenultimam
774 2569 989 2613 transferri
1020 2568 1214 2621 debebat,
1248 2569 1355 2623 quod
1386 2570 1510 2624 caput
1540 2569 1735 2613 adiectivi

197 2636 298 2688 ὀκύς
317 2625 563 2694 productum
590 2638 665 2682 est.
696 2637 805 2682 infra
835 2638 946 2682 enim
968 2638 1128 2692 saepius
1159 2638 1276 2681 nobis
1297 2639 1493 2692 occurret,
1525 2639 1631 2682 hanc
1663 2652 1734 2682 vo-

198 2707 330 2751 calem
368 2708 448 2752 sibi
485 2708 700 2751 accentum
738 2707 937 2764 flagitare.
1008 2706 1195 2762 Denique
1233 2720 1365 2762 pauca
1403 2709 1629 2764 composita
1667 2708 1734 2751 hic

196 2777 376 2821 notanda
405 2778 513 2830 sunt,
548 2789 722 2832 quorum
743 2776 947 2833 simplicia
968 2789 1171 2831 nusquam
1190 2776 1470 2821 inveniuntur,
1503 2778 1593 2822 dico
1614 2778 1733 2822 haec:

197 2848 342 2897 ἔνδιος
369 2847 499 2891 latino
530 2846 687 2890 nomini
718 2846 862 2900 „dies“
893 2845 1120 2889 finitimum
1142 2847 1353 2901 (interdiu,
1384 2849 1517 2905 Διο-),
1550 2849 1737 2904 ἔμπαιος

196 2917 399 2972 (peritus,
432 2916 652 2970 callidus),
684 2916 969 2975 περιμήκετος
989 2917 1032 2960 et
1051 2914 1356 2973 α’μαιμάκετος.
1379 2918 1604 2963 novissima
1622 2930 1735 2962 com-
