1932 3252
949 86 1005 130 23

209 227 393 286 ωρυχςής
421 226 673 284 κεράννυμι.
707 224 942 284 οἷκήυρατοςς
972 228 1097 283 τείρω
1119 229 1208 281 (τερ
1231 230 1276 277 4-
1299 230 1368 277 ιω)
1391 223 1626 284 α’-τειρής,·
1657 231 1755 284 ῥέω.

209 296 414 354 εὕ-ρρεί-
424 300 522 353 τήςς
544 297 687 338 πείθω
709 295 755 350 (ἔ
769 301 814 347 -Ι-
833 297 989 353 πιθον)
1022 295 1257 357 ‹Ji-neceas.
1305 296 1617 351 Inquirentibus
1638 297 1757 339 nobis

210 367 325 411 illius
354 365 607 423 gradationis
637 378 797 420 causas,
830 380 877 410 ea
916 366 1036 410 modo
1075 365 1280 410 vocalium
1317 365 1596 409 inconstantia
1633 366 1753 409 modo

210 435 470 492 sequentium
509 436 819 479 consonantium
857 436 1006 478 natura
1044 436 1152 478 facta
1190 436 1353 479 videtur
1392 449 1490 479 esse.
1563 436 1623 479 Ut
1663 449 1752 478 rem

210 504 408 560 exemplis
437 504 694 549 illustremus
716 504 859 559 ὄνομα
879 503 989 560 apud
1009 504 1128 547 Iones
1150 503 1320 558 οὕνομα
1341 504 1571 556 dicebatur3
1603 505 1753 549 deinde

209 586 304 618 cum
333 574 515 630 liquidae
545 575 588 617 in
619 574 829 618 vocabulis
859 573 1147 628 componendis
1177 586 1307 627 paene
1342 573 1494 628 ubique
1530 574 1747 630 geminen-

209 646 280 688 tur
309 644 601 700 (καλλίρροος,
631 640 870 700 εὕμμελίης
897 642 972 685 etc.
985 646 1023 694 ),
1056 641 1278 685 earundem
1308 642 1542 686 litterarum
1579 644 1756 699 pleniori

208 713 533 770 pronuntiationi
554 711 868 756 attribuendum
890 712 964 764 est,
995 710 1103 767 quod
1124 711 1384 766 potissimum
1406 713 1564 756 vocales
1584 712 1756 768 liquidis

208 783 464 841 praepositae
494 777 663 839 produci
694 782 863 827 soleant.
900 780 1083 839 ἀτειρής,
1121 780 1352 839 εὕρρείτης,
1392 781 1579 840 ἄπειθής
1619 784 1754 828 nescio

211 867 294 910 qua
323 853 375 897 de
405 865 528 897 causa
559 853 731 909 stirpem
761 852 988 908 praesentis
1018 852 1215 907 temporis
1246 852 1449 896 exhibent.
1513 854 1562 897 In
1583 854 1754 898 univer-

211 937 303 968 sum
340 936 435 967 vero
484 922 711 966 notandum
751 923 814 966 est
858 921 1018 966 vocales
1054 921 1178 964 metri
1214 921 1349 977 gratia
1386 922 1604 977 productas
1650 937 1749 975 esse,

207 984 313 1037 cum'
340 992 422 1036 alio
459 991 580 1035 modo
618 991 844 1048 composita
874 991 926 1035 ad
965 1003 1131 1035 versum
1162 990 1372 1035 heroicum
1403 992 1499 1047 apta
1537 992 1627 1036 fieri
1665 1006 1746 1036 non

209 1063 387 1119 possent

348 1132 396 1175 B.
445 1130 630 1176 Secundo
650 1131 780 1188 igitur
800 1131 888 1175 loco
911 1131 961 1174 de
982 1130 1283 1177 mutationibus
1312 1143 1413 1186 quas
1435 1131 1753 1187 compositorum

211 1216 308 1259 pars
338 1201 539 1257 posterior
569 1202 726 1253 subeat,
760 1200 1076 1256 disputabimus
1130 1201 1212 1244 Pro
1233 1201 1382 1244 natura
1403 1200 1603 1244 secundae
1626 1202 1756 1255 partis

211 1271 415 1315 adiectiva
446 1270 673 1326 composita
703 1270 747 1314 in
777 1270 860 1315 tria
889 1283 1041 1327 genera
1072 1270 1345 1326 disiungenda
1376 1270 1493 1322 sunt,
1526 1271 1649 1326 prout
1679 1272 1754 1313 aut

210 1342 254 1384 in
286 1340 595 1394 substantivum
626 1341 701 1384 aut
730 1341 774 1384 in
812 1339 1062 1384 adiectivum
1102 1341 1176 1383 aut
1211 1340 1255 1383 in
1294 1340 1468 1383 formam
1507 1339 1755 1384 adiectivam

211 1425 236 1456 a
265 1411 388 1455 verbo
420 1410 587 1454 ductam
619 1410 780 1454 exeunt.

211 1533 242 1574 l.
303 1529 358 1579 De
389 1527 595 1570 adiectivis
628 1528 855 1583 compositis
887 1540 986 1581 quae
1026 1528 1068 1570 in
1105 1540 1248 1570 nonen
1280 1528 1564 1570 substantivum
1596 1532 1752 1569 exeunt.

349 1621 381 1675 ξ.
406 1622 471 1662 11.
497 1620 547 1662 In
568 1619 807 1663 universum
827 1619 928 1663 haec
949 1620 1015 1663 lex
1035 1620 1160 1671 valet,
1183 1621 1231 1663 ut
1254 1620 1515 1664 substantiva
1535 1633 1616 1663 non
1638 1620 1756 1662 novis

213 1688 406 1734 adiectivi
438 1688 597 1732 suffixis
628 1688 869 1744 augeantur,
903 1688 975 1732 sed
1004 1688 1111 1732 nihil
1142 1689 1305 1733 mutata
1344 1688 1454 1745 parti
1493 1688 1620 1745 priori
1659 1689 1758 1733 sub-

210 1759 446 1817 iungantur.
510 1758 711 1802 Attamen
741 1771 871 1814 pauca-
908 1759 1108 1803 vocabula
1146 1758 1436 1812 inveniuntur,
1477 1773 1581 1815 quae
1621 1760 1757 1803 certos

214 1828 409 1874 adiectivi
441 1827 573 1872 exitus
605 1829 934 1884 assumpserunt3
967 1828 1017 1872 de
1049 1828 1197 1884 quibus
1228 1829 1271 1872 in
1305 1830 1489 1873 extrema
1527 1829 1652 1873 huius
1688 1843 1757 1873 ca-

211 1900 310 1956 pitis
340 1901 457 1955 parte
498 1899 732 1942 disseretur.
803 1900 894 1942 Iam
933 1912 1027 1943 vero
1066 1913 1147 1943 non
1185 1900 1374 1943 omnium
1406 1900 1759 1943 substantivorum

214 1969 348 2014 exitus
387 1968 492 2011 tales
530 1969 646 2020 sunt,
688 1969 758 2023 qui
799 1969 926 2011 etiam
965 1982 1037 2024 pro
1069 1969 1364 2012 adiectivorum
1397 1968 1760 2013 terminationibus

212 2039 351 2083 valere
397 2038 566 2093 possint.
645 2037 725 2081 Sed
765 2038 1025 2081 substantiva
1064 2038 1254 2082 feminini
1293 2040 1335 2081 et
1372 2039 1559 2082 neutrius
1598 2037 1760 2095 generis

214 2107 454 2165 saepissime
484 2107 527 2150 in
558 2107 791 2151 masculina
821 2108 1107 2152 transformari
1137 2108 1309 2160 debent;
1348 2108 1449 2164 quin
1489 2109 1616 2152 etiam
1654 2121 1759 2152 non-

214 2179 332 2223 nulla
362 2178 593 2221 masculina
624 2178 673 2220 ut
701 2177 745 2220 in
775 2190 925 2234 genera
956 2178 1119 2222 deflecti
1150 2178 1327 2234 possint,
1368 2178 1530 2222 levibus
1560 2178 1760 2222 mutatio—

214 2249 335 2295 nibus
374 2247 621 2291 afficiuntur.
694 2247 808 2301 Quae
846 2261 940 2291 cum
993 2249 1052 2292 ita
1083 2248 1186 2301 sint,
1226 2248 1490 2292 substantiva
1528 2261 1601 2304 pro
1633 2248 1759 2292 variis

213 2317 574 2362 terminationibus
621 2318 874 2373 respicienda
922 2319 1036 2372 sunt,
1087 2319 1209 2373 atque
1257 2318 1406 2372 quibus
1453 2318 1757 2361 mutationibus

216 2387 451 2431 afficiantur
482 2386 777 2442 exponendum.
1385 2425 1389 2429 .

358 2456 627 2501 Substantiva
656 2457 814 2512 primae
846 2458 888 2500 et
918 2457 1120 2500 secundae
1151 2457 1472 2501 declinationum
1502 2458 1544 2500 in
1568 2473 1609 2510 α,
1636 2473 1675 2514 η,
1698 2474 1759 2511 ος,

217 2543 270 2571 ον
301 2526 490 2571 cadentia
522 2526 731 2569 nonnullis
761 2527 927 2570 tantum
948 2527 1126 2583 exceptis
1147 2527 1286 2571 omnia
1307 2543 1353 2577 ος
1374 2527 1530 2571 exitum
1552 2540 1760 2571 assumere

218 2598 352 2642 solent
380 2596 407 2639 i.
441 2609 474 2639 e.
510 2597 664 2639 certam
695 2596 880 2640 flexionis
911 2596 1246 2640 terminationem
1277 2597 1321 2639 in
1349 2596 1519 2639 finitimi
1540 2597 1761 2639 masculini

219 2666 375 2710 exitum
422 2665 697 2716 commutant;
745 2677 871 2720 quare
915 2665 1082 2709 nomina
1118 2664 1348 2708 masculina
1385 2664 1491 2707 nihil
1530 2666 1759 2717 mutantur,

220 2734 421 2782 feminina
450 2734 493 2778 et
521 2736 668 2779 neutra
697 2748 793 2779 vero
824 2751 852 2779 α
882 2735 1003 2791 longo
1034 2735 1076 2778 in
1108 2735 1233 2778 breve
1264 2750 1289 2778 ο
1320 2735 1482 2778 mutato
1514 2737 1554 2778 et
1586 2751 1611 2779 ν
1640 2735 1759 2778 litera

220 2806 380 2850 abiecta
410 2821 430 2854 ς
460 2805 646 2850 litteram
677 2807 903 2850 assumunt.
966 2805 1213 2861 Antiquitus
1245 2804 1379 2848 exitus
1411 2820 1471 2858 ος,
1505 2822 1543 2862 η,
1577 2820 1628 2848 ον
1652 2806 1762 2847 arcte

225 2876 452 2920 cohaesisse
487 2878 529 2919 et
560 2889 607 2919 ex
638 2875 933 2920 adiectivorum
963 2875 1134 2919 flexione
1164 2876 1207 2918 in
1240 2888 1390 2932 genera
1423 2892 1483 2929 ος,
1514 2891 1554 2932 η,
1587 2890 1639 2919 ον
1670 2887 1764 2931 cog-
