1932 3252
949 146 1007 203 20

207 295 304 338 data
344 297 425 347 est,
468 295 721 352 singularem
760 310 979 342 numerum
1018 299 1308 354 praeferemus.
1378 298 1596 343 Locativus
1633 298 1749 342 nobis

203 365 372 408 offertur
401 364 445 407 in
476 361 748 425 Ἰθαι-γένης,
781 368 954 411 Πυλαι-
964 371 1117 427 μένης,
1161 367 1465 427 Πυλοι-γενής
1495 365 1747 421 ἁλί-πλοος,

203 432 518 491 ὅρεσί-τροφος.
543 436 698 479 etenim
723 437 918 481 suffixum
940 438 1063 481 huius
1084 451 1201 481 casus
1220 438 1449 493 genuinum
1481 455 1497 481 ι
1517 438 1609 492 fuit,
1642 436 1750 481 unde

202 504 361 549 factum
382 507 457 559 est,
490 508 538 550 ut
557 508 698 562 postea
719 520 814 550 cum
836 508 987 562 dativo,
1021 508 1087 552 cui
1108 507 1219 552 idem
1241 507 1437 552 suffixum
1458 510 1532 562 est,
1555 509 1599 553 in
1620 519 1750 551 unum

203 587 346 618 casum
385 575 809 630 comprehenderetur.
852 578 924 620 sed
954 578 1081 621 etiam
1112 591 1221 620 nunc
1252 577 1472 620 discrimen
1504 577 1612 632 quod
1642 577 1750 621 inter

203 644 346 686 ambos
367 657 486 687 casus
513 644 796 688 intercedebat
825 647 1013 702 cognosci
1044 647 1155 699 licet,
1194 660 1288 690 cum
1318 647 1362 688 in
1390 646 1529 689 dativo
1567 647 1750 690 extrema

200 712 341 768 stirpis
363 713 516 757 vocalis
537 713 706 769 produci
728 714 890 768 soleret,
923 715 967 759 in
987 715 1163 759 locativo
1191 728 1272 759 non
1293 716 1414 767 item;
1447 714 1570 772 (οἴκῳ
1591 714 1746 770 οἵκοι);

200 781 402 824 nimirum
432 782 533 825 haec
563 795 628 826 res
658 785 824 827 tantum
855 785 898 826 in
930 785 1098 828 nomina
1126 784 1284 840 primae
1315 785 1357 828 et
1388 784 1588 828 secundae
1619 783 1747 828 decli-

202 851 418 895 nationum
459 852 581 896 cadit.
652 854 854 898 Dativum
893 854 1013 911 longe
1057 854 1237 910 plurima
1273 855 1498 911 composita
1527 855 1745 911 praebent:

200 920 519 977 ἑγχεσὶ-μωρος,
552 924 918 983 τειχεσι-πλήτης,
950 925 1189 983 Λιι-πετής,
1220 924 1455 981 Διί-φιλος,
1475 921 1746 982 Ἀρηί-φιλος,

198 988 450 1048 Ἀρηί-θοος,
479 990 753 1049 Ἆρηί-λυκος,
785 994 1094 1051 δουρι-κτητός,
1116 994 1428 1052 δουρι-κλυτός,
1448 993 1746 1051 γυναι-μανής.

200 1073 299 1103 nam
329 1061 462 1104 forma
500 1061 713 1117 primitiva
751 1062 874 1106 huius
910 1062 1087 1107 nominis
1119 1063 1228 1118 γυνά
1257 1063 1324 1107 vel
1355 1063 1463 1122 γυνή
1491 1063 1589 1117 fuit,
1642 1075 1745 1118 quae

201 1131 328 1173 etiam
369 1144 416 1173 ex
456 1131 638 1174 boeotico
677 1133 792 1188 βανά
830 1133 1106 1188 cognoscitur;
1153 1133 1299 1176 deinde
1339 1133 1449 1187 γυνοῑ
1485 1146 1580 1176 cum
1618 1132 1745 1187 stirpe

199 1199 316 1244 verbi
336 1199 456 1243 ε’ίκ-ω
478 1200 522 1243 in
544 1214 674 1244 unum
705 1194 854 1246 nomen
886 1202 1151 1246 coniunctum
1182 1215 1299 1246 casus
1330 1201 1545 1257 γυναικός,
1576 1199 1747 1257 γυναικὶ

199 1271 275 1313 etc.
310 1270 516 1314 formavit.
579 1271 690 1314 Huic
729 1272 842 1315 casui
880 1272 1008 1315 etiam
1046 1272 1269 1315 nonnullae
1307 1272 1462 1315 formae
1491 1272 1653 1327 generis
1683 1271 1744 1313 fe-

199 1339 350 1383 minini
381 1339 425 1383 in
458 1355 503 1383 αι
535 1340 726 1385 cadentes
758 1354 862 1396 quae
894 1341 945 1385 ab
976 1340 1191 1385 adiectivis
1220 1340 1517 1385 descenderunt
1544 1340 1743 1384 adnume-

199 1410 352 1452 randae
374 1412 482 1453 sunt.
540 1410 644 1454 Cum
674 1412 717 1453 in
747 1411 986 1454 universum
1006 1424 1136 1467 genus
1158 1411 1404 1454 femininum
1420 1412 1513 1454 tum
1527 1411 1743 1466 praecipue

200 1479 365 1523 dativus
403 1479 553 1536 dignus
585 1480 698 1524 visus
737 1481 801 1524 est
832 1479 1020 1533 Graecis,
1061 1480 1132 1536 qui
1164 1480 1348 1524 adverbii
1384 1480 1472 1524 loco
1509 1480 1741 1536 usurpetur.

197 1550 242 1592 id
257 1563 388 1605 genus
405 1550 536 1593 dativi
568 1552 868 1607 cognoscuntur
897 1552 941 1593 in
963 1551 1198 1606 compositis
1222 1551 1541 1605 μεσαι-πόλιος,
1570 1565 1743 1607 κραται-

197 1619 366 1675 γύαλος,
412 1619 809 1678 κλυται-μνήστρα.
858 1620 1047 1677 singulus
1092 1620 1267 1677 denique
1313 1620 1477 1664 dativus
1523 1621 1657 1673 exstat
1699 1619 1743 1662 in

197 1691 401 1733 adiectivo
431 1691 688 1747 πυκιμήδης.
722 1690 828 1733 πυκὶ
858 1692 899 1734 et
939 1691 1197 1734 accusativus
1228 1691 1345 1733 πύκα
1383 1691 1460 1734 soli
1496 1700 1547 1733 ¹ex
1583 1689 1744 1733 casibus

198 1760 379 1803 nominis
401 1759 487 1811 πύξ
507 1760 660 1804 servati
681 1761 789 1804 sunt.
821 1772 947 1816 quare
969 1761 1079 1803 πυκί
1096 1760 1228 1803 forma
1248 1759 1387 1803 dativo
1410 1757 1512 1802 ἄλκί
1528 1759 1743 1803 simillima

198 1831 274 1883 est,
293 1831 417 1885 atque
434 1830 535 1873 adeo
552 1830 717 1873 dativus
727 1844 775 1873 ex
791 1830 1091 1885 praepositione
1106 1830 1289 1885 pendens
1303 1830 1513 1873 invenitur
1527 1829 1571 1872 in
1580 1842 1744 1885 compo-

197 1900 277 1944 sito
299 1899 607 1958 ἐμπυριβήτης.
655 1899 993 1944 Instrumentalis
1015 1911 1138 1955 quem
1159 1898 1244 1943 iam
1265 1911 1388 1955 supra
1409 1899 1453 1942 in
1474 1899 1590 1955 parte
1610 1899 1743 1955 priore

196 1971 413 2031 compositi
429 1970 616 2025 ἴφθιμος
631 1970 909 2026 cognovimus⁷
932 1971 977 2013 in
993 1970 1202 2013 vocabulis
1217 1968 1489 2025 Ἰφια-νάσσα,
1505 1968 1743 2025 Ἰφιδάμας,

192 2036 476 2095 Ἰφι-μέδεια,
508 2038 736 2095 Ἰφί-νοος,
759 2036 1244 2096 Ἴφι-κλοςεἸφι-κλῆς
1270 2039 1430 2096 integer
1458 2040 1644 2082 servatus
1667 2039 1740 2083 est.

199 2109 378 2153 Dativus
424 2109 599 2164 pluralis
637 2110 798 2152 numeri
837 2109 1006 2153 offertur
1043 2109 1087 2152 in
1125 2109 1189 2152 his
1228 2108 1451 2168 adiectivis·
1478 2109 1745 2163 μογοστόκος

200 2196 241 2216 --
274 2191 571 2233 μογοιστοκος,
601 2191 705 2234 quae
736 2178 866 2222 dativi
897 2178 1030 2222 forma
1060 2178 1171 2222 omni
1202 2191 1250 2221 ex
1275 2178 1392 2234 parte
1414 2177 1552 2221 dativo
1573 2179 1676 2228 θεος
1699 2177 1743 2221 in

193 2249 433 2298 θεόσδοτος
477 2248 714 2304 respondet,
763 2251 985 2304 θέσφατος
1026 2267 1066 2286 --
1105 2251 1227 2298 θεοῖς
1264 2248 1421 2303 φατός,
1459 2247 1667 2298 θέσκελος
1700 2265 1740 2286 =

192 2320 313 2367 θεοῖς
343 2318 529 2372 εἴκελος,
563 2317 849 2371 Ναυσι-κάα,
882 2320 1188 2372 Nomai-3009,
1220 2317 1558 2371 ναυσι-κλυτός,
1589 2329 1741 2362 ναυσι-

191 2388 345 2445 βάτης.
387 2389 827 2446 Κηρεσσι-φόρητος,
868 2387 1212 2445 ἐντεσι-Ὲεργός.
1255 2386 1535 2430 accusativum
1565 2386 1738 2448 pluralis

197 2457 470 2513 compositum
502 2457 789 2507 δικασ-πόλος
819 2456 995 2500 exhibet.
1030 2470 1124 2500 cum
1155 2457 1199 2500 in
1230 2455 1477 2512 quibusdam
1508 2456 1742 2500 nominibus

195 2527 298 2570 certi
329 2540 446 2570 casus
477 2528 639 2583 saepius
672 2527 724 2570 ad
755 2527 955 2570 vocabula
976 2527 1254 2583 componenda
1284 2522 1588 2580 adhiberentur,
1620 2527 1741 2571 facile

192 2597 284 2640 fieri
314 2598 462 2653 potuit,
495 2598 543 2641 ut
571 2597 795 2654 posteriore
827 2598 1012 2653 tempore
1042 2598 1169 2641 etiam
1208 2596 1289 2640 alia
1321 2596 1531 2650 vocabula,
1565 2609 1740 2652 quorum

190 2667 439 2723 significatio
479 2669 530 2711 ab
570 2668 657 2710 illis
696 2667 857 2711 casibus
898 2667 1155 2719 abhorrebat,
1196 2667 1248 2710 ad
1278 2666 1598 2710 similitudinem
1629 2668 1739 2710 cete-

191 2751 332 2781 rorum
372 2737 691 2793 compositorum
730 2737 782 2781 iis
822 2737 1179 2793 subiungerentur.
1244 2737 1433 2780 Fortasse
1473 2736 1624 2792 aliquis
1654 2736 1739 2780 iam

192 2807 515 2862 compositorum
547 2809 802 2857 Ναυσίθοος
832 2808 875 2850 et
904 2808 1191 2866 ναυσι-βάτης
1212 2807 1501 2851 formationem
1532 2806 1739 2862 vituperet

186 2890 318 2933 neque
370 2878 599 2931 immerito,
653 2877 842 2933 quamvis
880 2877 924 2920 id
969 2890 1099 2933 genus
1145 2877 1336 2921 formatio
1380 2876 1549 2921 tolerari
1594 2876 1734 2932 possit.

186 2949 332 2992 eodem
362 2949 483 2992 modo
516 2949 646 2993 dativi
678 2947 773 2991 ἁλι·
795 2949 838 2991 et
860 2946 969 3003 αἰγι-
1000 2949 1043 2991 in
1075 2949 1260 3003 quolibet
1296 2946 1519 3003 composito
1550 2947 1738 3002 usurpati
