1932 3252
971 198 1027 242 46

230 338 431 387 adjectivo
478 340 702 384 indicatur.
743 344 973 388 accuratius
1011 343 1204 388 denotare
1243 345 1389 392 soleat;
1436 346 1621 388 attamen
1666 356 1768 387 non-

229 408 346 453 nulla
376 409 579 455 adiectiva
609 425 783 468 quorum
814 426 909 469 pars
938 414 1049 469 prior
1079 413 1337 469 praepositio,
1370 427 1465 470 pars
1496 413 1628 458 altera
1655 413 1768 457 adie-

227 478 386 522 ctivum
416 493 441 523 a
471 481 729 525 substantivo
776 482 946 526 ductum
993 485 1072 534 est,
1121 483 1165 526 in
1212 481 1506 526 obieetivorum
1552 495 1769 527 numerum

226 548 441 591 referenda
479 551 595 601 sunt,
636 563 730 593 cum
761 551 866 595 duae
903 553 1041 607 partes
1079 564 1249 596 casuum
1286 552 1494 595 structura
1531 552 1770 596 coniunctae

226 617 467 674 cogitandae
505 619 599 664 sint.
634 621 810 676 exempli
841 622 977 678 gratia
1008 622 1264 676 ἐπιχθόνιος
1297 640 1337 659 =
1370 619 1395 664 ὁ
1428 621 1500 665 ἐπὶ
1530 621 1662 676 χθονὶ
1693 621 1767 665 (ὄν.

226 687 383 733 Eodem
403 689 524 733 modo
545 690 646 734 haec
667 691 893 747 composita
914 692 1157 748 explicanda
1177 693 1291 737 sunt:
1325 692 1600 749 ἐπουράνιος,
1632 688 1769 735 ὑπου-

227 759 398 813 ράνιος,
444 759 706 819 ἐφήμεριος,·
753 761 1031 819 ἐπομφάλιος
1070 768 1117 807 Η
1154 765 1236 807 267
1279 761 1337 815 (ἁ.
1380 763 1454 819 ἐ.),
1501 762 1769 817 ἐπιχθόνιος,
1825 809 1828 811 ,

226 829 519 883 καταχθόνιος
550 834 593 873 Γ
619 832 703 874 457
737 830 796 887 (ά.
830 832 897 887 ἐ.),
929 832 1140 885 ἐνδέξιος,
1173 833 1336 885 ἔνδιος,
1368 831 1575 885 εἰνόδιος,
1608 831 1770 875 ἐναίσι-

226 914 321 953 μος,
352 901 586 956 παραίσιος
616 903 653 943 Δ
685 902 766 945 381
806 903 865 953 (ά.
899 902 967 954 εἰ),
999 905 1275 958 κατακαίριος
1298 908 1341 944 Λ
1363 903 1447 945 439
1482 900 1540 955 (ά.
1563 901 1630 957 εἴ),
1662 898 1770 944 ὐπο-

230 969 461 1026 ταρτάριος
491 970 537 1017 Ξ
564 973 659 1015 279.

369 1040 460 1084 Iam
506 1041 667 1096 reliqua
712 1042 835 1086 huius
881 1042 1024 1087 classis
1070 1042 1295 1098 composita
1339 1042 1406 1085 hic
1457 1041 1768 1097 subsequantur.

229 1107 466 1167 α’βληχρός,
514 1108 757 1165 ἀμείλιχος,
806 1109 1059 1168 ἀθεμίστιος
1098 1111 1249 1169 (Oa),
1292 1110 1485 1162 ἀναίτιος
1494 1145 1506 1165 ,
1554 1108 1771 1168 ἀνάρσιος,

228 1177 478 1234 α’νόστιμος,
510 1181 763 1233 ἐπιείκελος,
798 1180 1023 1235 αἐικέλιος,
1056 1181 1255 1240 αἐκήλιος
1295 1185 1335 1225 Σ
1363 1184 1417 1225 77
1453 1180 1519 1233 (ἁ.
1553 1181 1629 1234 εἴ),
1668 1178 1771 1235 α’γα·

228 1249 411 1301 κλειτός,
444 1247 692 1303 α’γακλυτός,
725 1251 998 1307 περικλυτός,
1027 1251 1272 1308 πρόκλυτος
1301 1255 1342 1294 Υ
1354 1253 1440 1294 204
1461 1249 1520 1306 (α.
1552 1251 1618 1304 ελ),
1649 1251 1772 1308 τηλε-

225 1318 407 1371 κλειτός,
440 1320 712 1378 τηλεκλυτός,
745 1318 1000 1378 α’ριφραδής,
1031 1321 1315 1378 περιφραδής,
1340 1319 1596 1378 ἅριπρεπής,
1618 1320 1770 1378 ἐκπρε-

226 1390 308 1448 πής
329 1392 373 1431 Β
393 1389 478 1442 483
513 1387 574 1439 (οἱ.
607 1389 680 1443 ἐ),
710 1391 1003 1449 μεταπρεπής,
1036 1389 1299 1447 άμφιμέλας,
1331 1388 1603 1447 α’μφιδάσεια
1626 1393 1663 1433 O
1685 1390 1768 1434 309

226 1458 284 1515 (ἀ.
318 1458 395 1512 ελ),
428 1460 615 1513 ε”μπαιος
648 1460 783 1513 (Οᾱ.),
823 1462 1030 1515 ἔμπλειος
1061 1461 1199 1512 (Oct),
1241 1461 1479 1515 ἐνίπλειος,
1518 1460 1771 1515 ἐναλίγκιος,

226 1528 449 1585 δύσζηλος,
481 1529 761 1587 δυσχείμερος
792 1535 836 1572 Β
868 1531 965 1574 750.
990 1534 1040 1574 H
1056 1531 1140 1574 234
1163 1529 1221 1586 (ά.
1246 1531 1316 1585 εἰ),
1342 1528 1556 1584 α’ντάξιος,
1595 1529 1768 1588 ἐπαινή.

226 1598 534 1654 Περσεφόνεια
566 1602 602 1642 Ι
624 1602 722 1651 457,
759 1599 954 1650 ἐπαίτιος
985 1605 1019 1643 Α
1052 1602 1135 1644 335
1170 1599 1229 1654 (ἁ.
1253 1600 1322 1654 εἴ),
1354 1600 1617 1656 ἐπιζάφελος
1638 1601 1770 1644 1525

224 1666 283 1721 (οἱ.
317 1668 394 1721 ἐ.),
427 1668 744 1726 ἐπισμυγερῶς,
774 1671 1074 1729 καταπρηνής,
1107 1672 1380 1730 προπρηνής,
1413 1668 1546 1725 ἅπας,
1584 1670 1770 1728 πρόπας,

226 1739 411 1793 σύμπας,
442 1739 747 1796 παλιρρόθιος,
779 1741 1034 1798 περιδέξιος.

365 1810 395 1865 ξ.
417 1811 471 1853 28
502 1810 573 1852 VI.
599 1809 704 1853 Cum
726 1810 976 1854 adiectivum
1008 1811 1209 1855 adiectivo
1231 1824 1278 1854 eo
1298 1812 1464 1854 tantum
1484 1811 1604 1855 modo
1625 1810 1773 1855 subiici

224 1880 370 1936 possit.v
412 1881 460 1922 ut
498 1880 681 1923 adverbii
721 1881 809 1924 loco
847 1883 1044 1936 ponatur,
1087 1881 1178 1924 ideo
1216 1883 1327 1934 πᾶν,
1366 1878 1493 1931 πολῦ,
1526 1878 1578 1923 εὔ
1607 1881 1694 1924 sola
1725 1893 1771 1924 ex

223 1949 520 1994 adiectivol‘um
570 1963 738 1993 numero
778 1951 898 1993 alteri
949 1951 1150 1994 adiectivo
1188 1950 1489 2006 praefiguntun
1538 1950 1691 1994 etenim
1737 1951 1769 1994 si

223 2020 276 2064 ad
324 2032 489 2063 sensum
537 2019 704 2062 illorum
754 2021 1026 2075 compositum
1064 2020 1324 2075 respicimus,
1372 2020 1486 2075 prius
1523 2019 1771 2063 adiectivum

227 2090 393 2135 omnino
427 2090 613 2134 adverbii
635 2090 845 2135 notionem
878 2091 1026 2135 induit.
1077 2091 1187 2135 Huic
1218 2091 1300 2147 legi
1332 2091 1459 2134 etiam
1488 2089 1773 2146 μεσαίπολιος

224 2161 456 2205 subiectum
496 2164 576 2205 est.
628 2175 722 2205 cum
760 2175 890 2216 μεσαι
930 2163 1088 2217 priscus
1127 2161 1291 2205 dativus
1330 2161 1514 2204 adverbii
1552 2161 1640 2203 vioe
1678 2160 1772 2204 fun-

223 2233 357 2288 gatur.
423 2231 566 2275 Solum
598 2230 875 2289 κακοφραδής
906 2232 943 2275 ei
983 2233 1204 2287 repugnat7.
1244 2231 1315 2274 sed
1354 2231 1398 2273 in
1435 2230 1512 2273 tali
1551 2229 1773 2286 composito

222 2300 390 2359 φραδῆς
429 2315 511 2345 non
550 2315 622 2358 pro
663 2314 775 2345 mero
815 2301 1018 2345 adiectivo
1059 2302 1127 2345 sed
1169 2301 1305 2356 potius
1345 2314 1416 2356 pro
1454 2302 1586 2344 forma
1616 2301 1770 2345 verbali

225 2384 250 2415 a
281 2371 503 2428 φράζομαι
537 2371 661 2415 ducta
692 2371 977 2427 accipiendum
1011 2374 1084 2422 est,
1108 2371 1178 2432 ‚ita
1209 2373 1257 2414 ut
1286 2370 1381 2414 inde
1401 2385 1507 2414 κακο
1530 2370 1707 2426 pendeat
1731 2390 1770 2409 =

219 2440 331 2484 κακοὶ
366 2442 650 2499 φραζόμενος.
697 2441 928 2496 παμμέλας
976 2456 997 2494 γ
1038 2443 1075 2483 6.
1117 2440 1141 2483 λ
1181 2442 1247 2484 33.
1297 2439 1425 2497 (Od.)
1456 2441 1711 2500 παναφῆλιξ
1742 2457 1767 2495 χ

225 2512 312 2554 490
345 2509 406 2565 (ἁ.
440 2512 493 2563 ε’.)
526 2512 839 2570 πανυπερτάτη
873 2528 902 2562 ι,
935 2512 989 2553 25
1024 2509 1079 2560 (ἀ.
1104 2511 1156 2567 ἐ.)
1178 2510 1447 2568 παγχρύσεος
1467 2515 1511 2553 Β
1531 2512 1616 2555 448
1639 2508 1697 2567 (ἆ.
1720 2510 1773 2565 ἐ.)

225 2588 510 2638 πανομφαῖος
543 2585 584 2625 Θ
617 2583 702 2625 250
734 2580 792 2637 (ἁ.
827 2582 880 2633 ἑ.)
920 2580 1215 2635 παμποίκιλος
1253 2581 1419 2631 πέπλος
1459 2585 1500 2623 Ζ
1535 2582 1619 2624 289
1658 2580 1771 2635 πάμ-

223 2667 395 2709 πρωτος
429 2656 474 2694 H
505 2653 604 2704 324,
636 2652 663 2694 δ
694 2654 791 2694 277.
825 2650 1067 2700 παναίολος
1097 2653 1134 2693 Δ
1159 2652 1252 2695 186.
1288 2654 1334 2693 Λ
1355 2652 1451 2694 374.
1487 2651 1770 2694 πολυπαίπα-

223 2721 299 2771 λος
330 2737 353 2764 o
386 2723 471 2764 419
504 2720 561 2775 (ἁ.
596 2721 648 2776 ε’.)
681 2721 909 2777 πολύιδρις
948 2736 972 2763 o
1012 2720 1108 2763 459.
1152 2719 1265 2776 (Od.)
1306 2720 1576 2777 πολύπικρος
1614 2736 1650 2762 π
1688 2720 1770 2762 255

225 2789 283 2845 (ἆ.
317 2790 370 2847 ἐ.)
400 2791 672 2848 πολυδίψιος
695 2790 838 2846 ’Ἁργος
868 2792 904 2833 Δ
940 2792 1017 2833 171
1056 2788 1113 2841 (ά.
1148 2790 1200 2836 ἕ.)
1232 2789 1555 2839 πολυδαίδαλος
1595 2792 1636 2831 Γ
1672 2789 1769 2832 385.

224 2858 441 2909 εὐδείελος
470 2863 499 2916 β
532 2862 626 2903 167.
662 2859 783 2910 (od.)
815 2859 1102 2914 μεσαιπόλιός
1135 2863 1181 2901 Ν
1208 2860 1288 2902 361
1330 2857 1388 2913 (ἁ.
1422 2859 1488 2913 ἐ.).

368 2930 400 2985 ξ.
425 2931 491 2973 29.
534 2929 628 2973 VII.
664 2930 726 2973 Dc
749 2929 963 2973 adjectivis
985 2941 1034 2972 ex
1054 2929 1219 2971 nomine
1242 2930 1283 2971 ct
1305 2928 1507 2973 adiectivo
1538 2928 1771 2984 compositis

224 2999 292 3041 hie
314 2999 421 3041 nihil
453 3000 856 3044 commemorandum
890 3000 964 3050 est,
999 3010 1094 3040 cum
1124 2998 1433 3040 substantivum
1464 2998 1616 3051 ubique
1651 2998 1693 3040 in
1725 3010 1770 3040 eo
