1932 3252
973 145 1025 187 11

208 273 368 339 optent,
408 294 643 339 expressum
683 281 755 336 sit,
795 285 843 328 ut
880 298 983 340 puer
1020 298 1100 329 uno
1140 295 1300 340 quoque
1337 280 1547 326 momento
1584 279 1748 322 nomine

206 353 294 408 ipso
324 353 647 406 commoneatur,
695 355 760 397 cui
797 355 930 398 officio
969 355 1199 398 destinatus
1238 354 1322 397 sit?
1383 353 1464 410 Hic
1503 352 1567 394 est
1606 363 1748 393 sensus

207 423 421 467 nominum
465 423 719 480 propriorum
764 422 1052 479 Ἀγεσί-λαος,
1101 422 1263 481 Ἀρκεσί
1275 448 1292 456 -
1308 424 1431 477 λαος,
1470 420 1744 478 Δεισ-ήνωρ.

206 493 346 547 Atque
376 493 475 537 adeo
505 494 599 549 plus
630 494 710 537 duo
741 495 872 537 verba
910 494 954 536 in
984 507 1114 537 unum
1144 506 1293 536 nomen
1323 493 1515 549 coniungi
1545 491 1745 535 solebant.

207 560 332 605 Cuius
362 562 616 606 formationis
645 562 1025 617 splendidissimum
1055 561 1289 618 exemplum
1327 562 1459 605 exstat
1495 560 1539 604 in
1569 560 1745 604 nomine.

206 632 511 686 Πρωτεσίλαος
537 644 610 686 pro
639 632 809 685 πρῶτος
839 632 908 674 ἔσι
937 631 1049 675 λαοῦ
1056 664 1066 684 ,
1115 631 1290 687 (primus
1321 643 1364 674 es
1404 630 1574 686 populi),
1614 629 1724 672 dicto

207 701 435 745 Grimmius
480 702 610 758 igitur
655 702 806 745 formas
852 701 1039 746 verbales
1083 702 1127 745 in
1158 714 1227 745 εσι
1257 701 1324 744 vel
1363 713 1407 743 σι
1442 700 1636 744 exeuntes
1675 711 1747 754 pro

206 770 462 825 imperativis
493 770 623 813 futuri
653 771 849 827 temporis
880 771 1047 826 accepit.
1112 770 1218 815 Sane
1256 769 1424 826 quidem
1457 785 1473 811 ι
1503 769 1626 812 litera
1662 768 1750 812 sola

207 839 442 895 imperativi
472 839 694 897 singularis
724 841 892 897 signum
931 854 1018 885 esse
1055 842 1210 896 potest;
1258 841 1413 883 etenim
1451 839 1647 883 suffixum
1685 850 1749 881 se-

209 908 364 953 cundae
393 921 587 965 personae
617 911 689 953 tva
720 910 786 954 vel
817 910 891 953 tha
920 910 988 954 vel
1018 909 1091 953 dhi
1123 927 1164 948 =
1196 912 1245 953 θι
1284 909 1328 952 111
1366 908 1510 965 lingua
1546 906 1747 951 sanserita

209 991 517 1034 nonnumquam
547 978 674 1022 etiam
713 979 756 1021 in
801 979 846 1022 hi
877 979 1138 1030 debilitatum
1184 979 1237 1021 hi
1275 991 1371 1022 vero
1411 977 1447 1021 si
1484 977 1529 1020 in
1559 976 1748 1032 linguam

205 1060 394 1104 graecam
414 1047 575 1100 transit,
617 1048 809 1104 spiritum
839 1048 1030 1092 amittere
1061 1048 1176 1092 solet.
1229 1047 1364 1101 Quam
1394 1060 1483 1090 rem
1504 1046 1673 1090 Curtius
1704 1045 1747 1089 in

207 1116 313 1161 libro
344 1117 414 1173 qui
445 1118 508 1161 est
528 1117 577 1161 de
598 1118 911 1162 formationibus
932 1119 1164 1174 temporum
1185 1118 1228 1161 et
1247 1119 1463 1161 modorum
1494 1116 1537 1159 in
1559 1116 1692 1172 capite
1714 1116 1746 1159 I.

209 1187 317 1230 clare
355 1187 552 1242 exposuit.
616 1188 773 1230 Tamen
811 1187 1006 1231 Grimmii
1043 1187 1426 1242 interpretationem
1464 1185 1629 1241 probari
1666 1198 1747 1228 non

209 1268 352 1312 posse,
400 1255 443 1299 in
490 1255 542 1299 iis
587 1269 691 1312 quae
736 1256 1041 1313 subsequuntur
1088 1256 1366 1300 demonstrare
1411 1254 1547 1300 conati
1592 1267 1746 1298 sumus.

210 1325 303 1368 Iam
342 1327 555 1380 superest,
603 1327 652 1368 ut
687 1326 863 1369 aliorum
898 1327 1122 1369 sententias
1158 1326 1208 1369 de
1243 1326 1412 1369 illorum
1448 1325 1744 1368 adjectivorum

210 1394 455 1438 formatione
485 1394 666 1438 breviter
695 1394 964 1439 illustremus.
1028 1395 1134 1438 Prae
1165 1394 1311 1438 ceteris
1347 1393 1448 1438 viris
1485 1392 1616 1438 doctis
1646 1393 1748 1437 Pot-
1832 1446 1835 1449 ,

209 1463 294 1506 tius
332 1464 375 1506 et
411 1463 577 1507 Curtius
614 1464 682 1506 hic
719 1465 837 1508 nobis
874 1464 1119 1519 respiciendi
1157 1466 1273 1516 sunt,
1319 1464 1391 1518 qui
1429 1464 1536 1506 alter
1572 1463 1748 1506 alteram

210 1531 593 1587 interpretationem
622 1546 703 1576 non
733 1533 857 1577 malis
888 1533 1021 1577 causis
1053 1533 1238 1576 innixam
1257 1532 1529 1589 protulerunt.
1582 1531 1749 1576 Pottius

211 1600 341 1653 enim,
382 1601 480 1655 quia
513 1601 740 1654 intellexit,
781 1602 986 1646 adiectiva
1015 1602 1092 1645 illa
1122 1615 1218 1645 cum
1248 1602 1494 1657 imperativo
1524 1601 1751 1656 composita

209 1669 317 1724 apud
348 1667 532 1713 ⁴Grraecos
570 1682 652 1712 non
688 1670 809 1714 modo
854 1671 1022 1714 nomina
1066 1670 1232 1726 propria
1276 1683 1386 1724 esse,
1430 1683 1576 1714 verum
1622 1670 1750 1713 etiam

208 1737 504 1782 adiectivorum
534 1739 622 1783 loco
652 1740 775 1784 rebus
815 1740 1013 1785 inanimis
1044 1740 1258 1798 coniungi,
1304 1753 1350 1784 eo
1389 1740 1537 1784 ductus
1576 1741 1659 1793 est,
1700 1741 1748 1784 ut

208 1808 426 1852 verborum
457 1808 606 1864 stirpes
637 1809 784 1854 suffixo
816 1823 860 1853 σι
890 1811 1055 1854 ornatas
1084 1824 1158 1865 pro
1199 1811 1471 1855 substantivis
1508 1810 1747 1854 verbalibus

207 1876 420 1932 acciperet,
469 1878 513 1920 et
543 1877 747 1921 adiectiva
776 1878 853 1921 illa
897 1879 1179 1923 factitivorum
1224 1880 1268 1922 in
1307 1892 1527 1923 numerum
1565 1879 1747 1923 referret.

208 1946 355 1989 ἑλκεσί
365 1947 532 1996 πεπλος
550 1965 590 1984 =
611 1948 782 1991 ἕλκεσιν
794 1948 967 1991 πέπλου
990 1949 1182 1992 efficiens.
1207 1949 1522 1993 Concedendum
1544 1951 1618 2001 est,
1641 1950 1748 1993 hanc

205 2015 586 2070 interpretationem
621 2016 665 2058 in
696 2013 895 2060 nonnulla
935 2016 1109 2073 idgenus
1149 2018 1355 2062 adjectiva
1386 2019 1489 2062 bene
1527 2018 1741 2074 quadrare.

207 2085 267 2129 At
286 2084 467 2141 primum
489 2085 658 2140 quidem
679 2101 706 2128 v
727 2086 900 2142 longum
920 2086 1136 2143 compositi
1158 2089 1365 2143 φυσίζοος
1394 2088 1493 2131 111110
1513 2089 1745 2132 sententiae

204 2154 425 2211 repugnat,
471 2155 579 2210 quod
609 2155 644 2199 si
707 2157 912 2211 φυσίζοος
943 2171 970 2198 α
1000 2156 1131 2212 φύσις
1161 2156 1420 2200 substantivo
1451 2157 1742 2209 descendisset,

206 2224 327 2268 breve
365 2236 453 2268 esse
491 2224 677 2269 debebat.
718 2225 879 2269 Deinde
916 2225 960 2268 in
998 2226 1144 2270 ceteris
1182 2227 1419 2283 compositis
1457 2227 1545 2271 sola
1574 2227 1697 2271 litera
1729 2245 1745 2271 ι

207 2293 395 2337 formatis
428 2298 782 2352 τερπικέραυνος,
813 2295 1063 2351 χαλίφρων,
1094 2296 1332 2354 λαθικηδής
1363 2297 1415 2340 ad
1436 2296 1609 2340 eandem
1631 2310 1744 2341 com-

205 2363 419 2419 positionis
449 2365 634 2408 vocalem
656 2381 672 2407 ι
693 2365 811 2409 1101113
832 2366 1120 2422 refugiendum
1143 2368 1224 2420 est,
1257 2380 1382 2423 quam
1403 2367 1568 2411 Pottius
1590 2367 1746 2411 evitare

205 2433 376 2477 studuit.
423 2433 612 2490 Denique
658 2448 807 2479 nomen
859 2435 968 2491 quod
1017 2436 1138 2480 modo
1190 2436 1369 2480 diximus
1420 2436 1739 2491 Πρωτεσίλαος,

204 2503 393 2558 quamvis
423 2504 652 2547 ceterorum
682 2505 920 2549 formationi
952 2505 1217 2549 simillimum
1248 2506 1320 2558 sit,
1355 2507 1461 2549 hanc
1491 2506 1742 2562 interpreta-

203 2571 358 2615 tionem
388 2573 554 2616 omnino
585 2573 756 2617 deludit.
818 2574 1035 2619 Facillime
1056 2587 1151 2618 vero
1172 2575 1263 2619 fieri
1283 2575 1439 2631 potuit,
1473 2576 1521 2618 ut
1540 2576 1744 2619 vocabula

203 2654 307 2698 quae
336 2643 520 2698 primum
550 2643 717 2699 quidem
737 2645 904 2688 tantum
926 2645 1162 2689 hominibus
1184 2645 1281 2688 addi
1302 2645 1520 2698 debebant,
1554 2646 1740 2700 tempore

202 2712 462 2767 procedente,
502 2726 596 2757 cum
624 2713 881 2757 formationis
913 2727 1054 2757 sensus
1091 2714 1176 2758 iam
1216 2728 1296 2758 non
1334 2715 1651 2771 perspiceretur,
1693 2715 1745 2757 ad

202 2793 267 2825 res
306 2781 511 2827 inanimas
548 2782 887 2835 transferrentur3
928 2784 1052 2839 atque
1083 2784 1126 2827 in
1158 2785 1398 2829 universum
1418 2784 1649 2829 notandum
1683 2787 1745 2829 est

202 2851 245 2894 in
277 2852 529 2897 carminibus
559 2853 791 2898 Homericis
830 2867 960 2909 pauca
989 2854 1155 2898 tantum
1188 2856 1415 2911 composita
1453 2855 1512 2899 sic
1548 2856 1745 2910 usurpata

202 2920 299 2978 legi.
331 2921 381 2965 cf.
404 2921 513 2967 insta
532 2934 570 2978 p.
592 2924 659 2966 66.
707 2921 873 2966 Curtius
894 2923 937 2966 in
969 2935 1028 2979 gr.
1053 2936 1111 2980 gr.
1136 2937 1174 2980 p.
1202 2926 1284 2968 175
1316 2924 1436 2982 longe
1460 2937 1576 2969 secus
1596 2925 1743 2968 horum
