1932 3252
925 179 977 221 15

182 317 269 374 ipse
314 317 401 361 eius
438 315 550 359 modi
588 315 834 360 adiectivum
874 318 1026 373 τρόφις
1062 315 1179 359 nobis
1218 313 1354 364 offert;
1401 310 1553 354 idcirco
1592 310 1718 352 etiam

183 388 334 431 formas
365 402 523 443 τερπι-,
554 386 692 439 stada,
724 385 826 431 εἰλι-
857 401 930 442 pro
969 387 1263 430 adiectivorum
1303 382 1503 438 stirpibus
1542 380 1718 435 accipia-

184 470 289 510 mus,
323 469 495 512 quorum
527 457 770 501 nominativi
798 458 1029 499 ΤΕΡΠΙΣ
1044 456 1227 509 (laetus),
1251 451 1717 503 ΛΑΘΙΣ(1111111011101·)

182 526 430 570 substantivi
460 527 587 576 πόλις
616 527 659 568 111
690 526 859 568 modum
890 524 985 567 flexi
1016 525 1111 567 sint.
1176 523 1267 576 Qua
1304 521 1509 564 sententia
1545 521 1718 576 probata

180 594 310 650 partis
346 596 492 651 prioris
530 595 642 638 notio
679 594 844 649 passiva
883 593 948 637 vel
986 592 1178 636 reflexiva
1215 592 1300 634 iam
1348 590 1459 633 omni
1496 589 1717 633 offensione

181 666 307 708 caret.
381 665 431 707 In
476 665 528 707 iis
559 676 663 718 quae
701 663 860 705 restant
906 662 1114 705 vocabulis
1157 661 1239 704 alia
1277 660 1426 703 similis
1463 660 1717 703 formationis

180 735 355 790 vestigia
384 734 646 789 reperiemus.
711 733 894 776 Tantum
925 744 1020 776 vero
1051 732 1168 774 abest
1198 732 1245 774 ut
1274 730 1380 773 hanc
1410 729 1716 784 interpretatio-

179 816 275 846 nem
305 803 470 846 omnino
499 803 652 845 iustam
684 814 771 844 esse
802 801 1063 853 arbitremur,
1095 802 1143 843 ut
1171 813 1262 843 eam
1284 799 1497 843 subtiliore
1520 798 1717 841 dialecto-

179 885 274 915 rum
311 871 446 915 studio
483 871 648 914 tantum
689 869 923 913 confirmari
960 870 1032 912 aut
1062 870 1196 912 refelli
1228 869 1344 912 nobis
1376 881 1616 924 persuasum
1647 867 1712 909 sit.

337 990 373 1030 3.
405 989 460 1030 lle
492 988 697 1030 adieetivis
728 987 955 1041 compositis
988 999 1088 1039 quae
1120 999 1143 1027 a
1174 986 1331 1027 nomine
1364 986 1567 1040 incipiunt.

318 1081 338 1136 ξ
360 1081 397 1124 8.
432 1079 570 1133 Quum
600 1079 768 1122 nomina
798 1092 901 1134 quae
933 1079 1058 1122 alteri
1089 1078 1285 1122 vocabulo
1313 1077 1613 1133 praefiguntur,
1647 1078 1719 1121 aut

180 1150 438 1194 substantiva
468 1150 541 1192 aut
571 1148 774 1192 adiectiva
804 1148 899 1202 sint,
934 1147 1056 1192 huius
1094 1148 1255 1204 generis
1286 1147 1511 1202 composita
1542 1147 1584 1190 in
1617 1148 1718 1191 duas

180 1220 329 1263 classes
360 1218 632 1273 disiungenda
662 1219 768 1261 sunt.
814 1219 905 1261 Iam
937 1218 1104 1261 nomina
1135 1217 1186 1260 ad
1207 1219 1290 1260 tres
1313 1217 1605 1260 declinationes
1626 1230 1718 1272 per-

178 1288 443 1330 censebimus.
494 1286 772 1341 Componendi
803 1286 916 1342 leges
946 1299 1050 1341 quae
1082 1287 1134 1329 ad
1170 1286 1336 1329 nomina
1373 1285 1530 1340 primae
1557 1285 1716 1329 declina

176 1357 300 1399 tionis
321 1357 519 1411 spectant,
553 1355 810 1410 paucissimis
832 1355 891 1397 sic
906 1355 1197 1413 comprehendi
1218 1356 1406 1410 possunt:
1438 1354 1604 1398 nomina
1625 1355 1668 1397 in
1690 1370 1716 1412 η

177 1425 367 1468 exeuntia
387 1425 494 1468 nihil
524 1426 686 1468 mutata
716 1425 905 1479 sequenti
936 1425 1134 1468 vocabulo
1156 1425 1458 1480 praefiguntur3
1490 1425 1658 1479 quaein
1689 1440 1718 1467 α

177 1495 301 1537 breve
317 1494 483 1547 cadunt,
504 1494 609 1537 hanc
630 1494 812 1537 vocalem
835 1494 878 1537 in
900 1495 1111 1546 omutant,
1134 1495 1257 1537 metri
1279 1507 1401 1537 causa
1422 1495 1449 1536 ἁ
1464 1494 1507 1536 111
1524 1510 1566 1553 η,
1588 1510 1614 1552 η
1631 1495 1674 1537 111
1691 1497 1719 1537 ἀ

176 1566 402 1608 transeunt.
425 1564 732 1622 βουλη-φόρος,
753 1562 1071 1622 Ἱππη-μόλγος,
1094 1563 1401 1622 ὀδυνή-φατος,
1430 1565 1717 1622 μυλή-φατος,

178 1634 437 1690 Bon-3609,
468 1634 754 1691 λυκη-γενής,
786 1632 1098 1692 αἰθρη-γενής,
1137 1633 1497 1691 αἰθρη-γενὲτης,
1536 1635 1719 1691 κοτυλή-

178 1718 304 1758 ρυτος
333 1702 519 1759 (κοτυλη
551 1706 594 1752 -1-
627 1700 829 1759 ἄρυτος),
860 1703 1175 1760 νεφεληγερέτα
1207 1704 1396 1761 (νεφελη
1430 1709 1473 1754 -1-
1506 1707 1718 1759 αγερέτα),

178 1775 538 1829 στεροπηγερὲτης
559 1778 767 1828 (στεροπη
790 1776 832 1821 4-
851 1776 1088 1829 αγερὲτης).
1112 1788 1139 1815 α
1160 1773 1283 1815 breve
1301 1773 1344 1815 in
1367 1790 1391 1815 ο
1413 1774 1625 1817 mutatum
1656 1776 1719 1817 est

177 1840 220 1883 in
251 1841 316 1884 his
347 1841 599 1896 compositis:
639 1842 959 1897 φασσο-φόνος
996 1842 1193 1899 (φάσσα)
1233 1840 1493 1892 ἄελλό-πους
1531 1842 1717 1898 (ἄελλα)

112 1907 115 1909 ’
179 1910 250 1951 sed
281 1923 374 1953 cum
406 1926 430 1953 ο
462 1910 700 1965 saepissime
730 1923 803 1965 pro
834 1910 1063 1965 antiquiore
1102 1926 1129 1953 α
1159 1912 1339 1966 positum
1371 1912 1437 1964 sit,
1471 1912 1576 1955 hanc
1597 1924 1717 1955 voca-

178 1978 282 2022 lium
329 1995 356 2023 α
388 1980 430 2022 01
460 1995 484 2022 0
515 1979 788 2022 mutationem
820 1979 904 2022 iam
942 1992 1022 2022 11011
1061 1980 1317 2024 mirabimur.
1366 1981 1488 2024 metri
1527 1994 1647 2025 causa
1687 1998 1716 2026 α

178 2048 298 2091 breve
336 2049 380 2091 in
418 2063 444 2105 η
475 2048 718 2103 productum
750 2049 812 2090 est
849 2048 892 2090 in
925 2049 1159 2104 compositis
1197 2051 1492 2107 μοιρη-γενής
1523 2052 1564 2093 01
1595 2053 1715 2109 γαιή-

178 2132 292 2171 οχος,
320 2119 362 2161 01
382 2118 512 2161 altera
533 2130 581 2161 ex
601 2118 717 2173 parte
739 2132 765 2174 η
787 2117 829 2159 111
861 2133 887 2161 α
919 2117 1183 2161 debilitatum
1213 2118 1257 2161 in
1288 2119 1498 2163 vocabulis
1528 2119 1718 2177 λυκάβας

175 2187 331 2244 (λυκή),
360 2184 587 2236 Ἀλκάθοος
617 2178 784 2243 (ἀλκή),
821 2187 1050 2243 πυλάωρος
1081 2187 1245 2245 (πυλή).
1307 2188 1356 2230 In
1389 2201 1469 2231 uno
1509 2189 1713 2233 adiectivo

176 2256 397 2312 composito
428 2258 625 2313 ζείδωρος
656 2272 683 2299 α
712 2256 835 2300 breve
866 2256 1043 2301 nominis
1065 2258 1156 2309 ζειά
1176 2258 1343 2302 0111111110
1364 2257 1613 2302 exstinctum
1636 2262 1712 2303 est.

134 2360 138 2363 .
175 2324 442 2369 Substantiva
472 2326 672 2370 secundae
703 2326 988 2371 declinationis
1018 2327 1204 2370 flexionis
1236 2327 1407 2382 stirpem
1439 2328 1481 2369 in
1514 2344 1538 2370 o
1560 2329 1712 2371 caden-

177 2395 265 2437 tem
288 2394 493 2448 exhibent,
527 2408 630 2450 quae
651 2397 805 2440 vocalis
826 2411 849 2438 ο
872 2395 1002 2438 altera
1024 2396 1153 2439 vocali
1185 2397 1379 2451 sequente
1410 2396 1477 2439 cui
1507 2396 1717 2453 digamma

177 2463 309 2515 deest,
342 2463 520 2507 eliditur.
563 2462 898 2522 ἅργυρό-τοξος,
928 2465 1279 2522 μιλτο-πάρηος,
1319 2463 1577 2523 ἰο-δνεφής,
1617 2466 1713 2523 ἄγρ-

178 2533 322 2587 αυλος,
352 2534 637 2591 χρυσ-ιὶορος,
670 2532 1015 2591 ἅργυρό-Ὲηλος,
1047 2532 1287 2592 ἰο-Εειδής.
1320 2535 1442 2578 metri
1471 2548 1594 2579 causa
1615 2550 1717 2581 non-

178 2616 405 2658 numquam
443 2619 467 2646 o
507 2604 791 2648 declinationis
828 2604 993 2660 signum
1031 2605 1073 2647 in
1113 2621 1138 2662 η
1177 2606 1374 2648 mutatur.
1415 2608 1717 2665 πυρη-φόρος,

180 2672 346 2730 ἐλαφη-
354 2673 504 2730 βόλος,
541 2674 903 2732 θαλαμη-πόλος.
966 2674 1030 2718 Ibi
1068 2674 1196 2730 igitur
1233 2690 1260 2717 α
1299 2675 1421 2719 breve
1460 2676 1568 2731 quod
1607 2679 1717 2721 anti-

179 2742 318 2796 quiore
350 2744 532 2799 tempore
564 2757 635 2800 pro
666 2760 690 2787 o
722 2745 924 2798 exstabat,
957 2745 1032 2788 illa
1062 2745 1267 2788 vocalium
1298 2746 1559 2801 gradatione,
1592 2761 1717 2803 quam

180 2813 341 2868 saepius
372 2813 617 2867 notavimus,
650 2814 693 2857 in
725 2829 753 2857 α
783 2814 954 2870 longum
985 2814 1229 2869 productum
1261 2816 1334 2867 est,
1373 2817 1513 2870 postea
1543 2830 1637 2861 vero
1668 2831 1717 2860 ex

180 2882 471 2926 consuetudine
502 2883 668 2927 dialecti
700 2883 856 2927 ionicae
886 2884 929 2926 in
962 2899 988 2942 η
1019 2884 1195 2929 transiit.

296 2952 516 2996 Adiectiva
557 2953 600 2995 in
640 2969 707 3006 ος,
745 2969 793 3011 η,
825 2969 877 2996 ον
910 2954 1096 2997 cadentia
1136 2955 1179 2996 in
1219 2918 1453 3011 colgpositis
1491 2958 1716 3001 formandis
