1932 3252
841 134 1119 205 ,19-

199 274 312 325 „satis
332 275 477 326 notum
494 274 557 317 est
578 270 828 334 ἠυ-γὲνειος,
849 274 1076 324 εὔ-πωλος.
1108 270 1353 326 Numeralia
1375 270 1447 314 ubi
1469 266 1753 325 praefiguntur

210 344 385 404 formam
416 343 671 399 primitivam
702 343 744 388 in
766 359 793 388 α
814 344 985 400 longum
1017 343 1083 386 vel
1114 343 1237 386 breve
1269 341 1484 385 cadentem
1515 337 1749 382 ostendunt.

209 413 598 472 ,τεσσαρά-κυκλος,
629 414 937 468 newa-Fax,
959 411 1231 465 ἑπτά-Ἐετες,
1262 409 1369 455 ὀκτά
1381 425 1584 469 -κνημος,
1617 408 1753 452 ἐεικο-

211 485 379 544 σᾴβοια.
413 484 490 528 δύο
522 487 564 528 et
596 483 705 541 τρεῖς
734 484 876 528 formis
909 484 969 525 δι·
992 484 1034 526 et
1065 499 1149 537 τρι·
1173 482 1345 537 exprimi
1378 482 1521 524 solent.
1542 482 1753 534 δί-πτυχα

211 556 303 611 wl-
313 568 415 605 ετες.

350 626 380 681 ξ.
406 626 444 669 9.
478 625 568 668 13111
590 624 642 668 311
663 636 710 667 03
732 623 935 672 adiectiva
956 622 1179 678 composita
1198 624 1467 674 transeamus,
1486 634 1589 677 quae
1617 621 1751 677 priore

208 694 297 739 loco
326 694 511 738 flexionis
556 694 732 737 formam
777 692 1011 737 ostendunt.
1090 693 1229 736 Etiam
1275 692 1355 735 duo
1401 692 1599 736 vocabula
1647 703 1751 747 quae

209 764 507 810 constructione
545 763 859 814 continebantur
897 762 1057 816 saepius
1095 763 1139 803 111
1184 775 1313 804 unum
1357 761 1604 804 vocabulum
1655 774 1752 803 con-

207 833 349 878 iuncta-
379 843 466 883 esse
487 843 568 875 non
588 830 741 887 mirum
770 830 945 884 videtur,
978 829 1128 886 quippe
1149 843 1252 885 quae
1270 830 1507 886 compositio
1538 830 1581 873 in
1603 829 1749 872 multis

210 902 303 946 aliis
333 902 488 960 linguis
518 903 714 948 obtineat.
763 901 909 959 Neque
938 901 981 945 id
1011 902 1259 955 mirandum,
1294 901 1400 958 quod
1432 902 1608 946 secunda
1639 903 1751 945 stru-

210 974 348 1032 cturae
378 986 472 1029 pars
503 973 556 1017 ad
587 972 904 1019 similitudinem
944 974 1172 1016 ceterorum
1219 961 1535 1028 compositorum
1585 972 1751 1016 mutari.

210 1044 318 1100 quod
338 1044 374 1088 si
394 1044 566 1088 verbum
588 1045 665 1098 est,
695 1043 871 1088 formam
893 1042 1139 1087 adiectivam
1171 1056 1192 1086 a
1216 1043 1339 1086 verbo
1361 1043 1541 1095 ductam,
1575 1043 1637 1085 sin
1660 1055 1754 1085 vero

208 1126 377 1167 nomen,
410 1126 551 1157 casum
582 1112 826 1157 nominativi
858 1112 1026 1156 induere
1057 1112 1206 1164 soleat,
1242 1113 1301 1156 ita
1332 1113 1379 1155 ut
1411 1112 1454 1155 in
1487 1111 1618 1167 priore
1658 1114 1754 1155 tan-

208 1184 420 1228 tummodo
450 1184 567 1239 parte
604 1183 788 1229 flexionis
819 1183 950 1227 forma-
988 1184 1183 1226 servetur.
1213 1206 1217 1208 -
1256 1182 1391 1236 Quare
1431 1182 1611 1225 hominis
1644 1183 1755 1225 anxii

211 1254 273 1297 est
303 1254 345 1297 et
374 1252 673 1310 religiosissimi
695 1252 893 1297 vocabula
912 1250 1247 1310 Ἑλλήσποντος,
1280 1249 1569 1309 οὕδενόςωρος
1599 1255 1639 1295 Θ
1672 1253 1753 1296 178

211 1323 413 1380 Διίφιλος
442 1323 540 1376 3113,
571 1335 744 1379 quorum
775 1324 913 1379 partes
927 1322 1070 1379 {etiam
1102 1335 1209 1365 nunc
1242 1323 1448 1366 structura
1479 1322 1751 1375 continentur,

212 1392 298 1437 sola
335 1393 379 1436 in
417 1392 662 1446 adulterinis
701 1392 935 1449 compositis
981 1392 1144 1437 habere.
1219 1392 1307 1436 Iam
1355 1405 1403 1435 ex
1449 1392 1752 1447 comparatione

211 1462 396 1506 omnium
412 1462 455 1505 id
470 1475 599 1519 genus
621 1462 911 1507 vocabulorum
934 1461 1042 1506 clare
1065 1461 1254 1514 elucebit,
1288 1462 1366 1505 nisi
1396 1461 1580 1505 flexionis
1602 1462 1755 1506 formas

211 1532 425 1588 acceperis,
461 1544 600 1575 eorum
631 1532 918 1576 formationem
950 1544 974 1575 3
1004 1533 1045 1574 te
1078 1532 1179 1574 bene
1211 1532 1405 1586 explicari
1437 1545 1517 1575 11011
1548 1545 1679 1587 posse,
1713 1532 1754 1574 et

210 1600 418 1645 notionem
451 1600 624 1644 duarum
656 1601 837 1657 partium
868 1601 1151 1656 rationemque
1183 1614 1262 1657 qua
1294 1601 1403 1644 inter
1433 1614 1475 1644 se
1507 1614 1633 1645 nexae
1671 1602 1754 1645 sint

210 1670 406 1724 intuitus,
439 1671 606 1714 1110111111
637 1670 932 1715 adiectivorum
971 1671 1316 1727 significationem
1355 1684 1450 1714 cum
1491 1673 1629 1714 nostra
1671 1672 1754 1714 for-

211 1740 405 1784 mationis
436 1739 706 1796 explicatione
737 1740 890 1796 optime
922 1753 1143 1797 congruere
1175 1754 1256 1785 non
1287 1740 1469 1797 negabis.

353 1809 571 1854 Genitivus
588 1810 811 1866 singularis
827 1810 962 1853 exstat
976 1810 1019 1852 in
1036 1811 1271 1865 compositis
1292 1809 1609 1867 Ἑλλήςποντος,
1632 1810 1753 1854 οῦδε-

214 1879 408 1936 νόςωρος.
441 1877 520 1923 Sed
536 1878 777 1935 priusquam
793 1879 845 1924 ad
867 1880 1021 1923 ceteros
1044 1892 1160 1924 casus
1176 1880 1473 1937 progredimur,
1492 1872 1622 1937 pauca
1639 1894 1754 1936 prae-

211 1949 415 1993 mittenda
429 1950 537 1992 sunt.
561 1949 651 1992 Iam
668 1961 715 1992 ex
731 1949 783 1992 iis
795 1962 900 2005 quae
908 1949 1157 1993 antecedunt
1166 1950 1267 1993 satis
1277 1951 1555 2007 cognovimus,
1575 1951 1754 2006 plurima

211 2017 413 2064 adiectiva
444 2017 667 2074 composita
697 2019 862 2075 propter
897 2018 1149 2075 singularem
1181 2019 1468 2063 formationem
1508 2021 1551 2064 in
1590 2022 1754 2077 tempus

213 2088 550 2145 antiquissimum
591 2088 804 2133 referenda
835 2101 934 2141 esse,
968 2089 1098 2133 veluti
1129 2090 1442 2140 ἑλκεσίπεπλος
1484 2090 1752 2145 ἐγχὲςπαλος.

210 2159 330 2203 Η3110
360 2159 411 2203 ob
442 2171 608 2203 causam
638 2159 800 2215 generis
830 2158 1016 2202 neutrius
1046 2152 1222 2202 formam
1253 2159 1297 2201 in
1327 2172 1396 2202 εσι
1427 2160 1643 2203 cadentem
1672 2174 1753 2202 non

212 2240 373 2285 semper
402 2241 475 2285 pro
506 2228 644 2273 dativo
675 2229 848 2285 pluralis
879 2229 1052 2281 numeri,
1086 2229 1157 2273 sed
1178 2229 1341 2285 saepius
1362 2230 1488 2274 etia-m
1510 2243 1582 2286 pro
1613 2230 1753 2274 dativo

211 2298 278 2341 vel
308 2297 485 2341 locativo
515 2297 738 2355 singularis
770 2298 952 2354 accipere
974 2298 1132 2351 malim,
1167 2299 1237 2354 qui
1269 2311 1386 2343 casus
1407 2299 1539 2355 prisco
1570 2301 1754 2355 tempore

211 2367 255 2411 in
284 2379 354 2411 εσι
384 2367 571 2421 exibant,
610 2368 752 2424 postea
790 2381 884 2412 vero
916 2380 945 2411 σ
973 2368 1101 2412 eiecto
1140 2369 1184 2412 in
1215 2374 1257 2412 εϊ
1284 2369 1351 2412 vel
1381 2384 1423 2412 ει
1453 2370 1612 2413 mutati
1644 2373 1751 2413 sunt.

211 2437 326 2481 Haec
346 2437 569 2493 singularis
589 2437 766 2481 mumeri
788 2437 899 2481 notio
922 2438 1030 2481 clare
1052 2438 1309 2494 cognoscitur
1337 2438 1380 2481 in
1403 2439 1566 2482 nomine
1589 2442 1752 2495 proprio

210 2507 587 2565 Μηδεσι-κάστη,
618 2507 684 2551 0111
714 2507 871 2551 1101111111
902 2507 1051 2553 melius
1083 2508 1273 2551 convenit
1303 2509 1458 2561 verbis,
1501 2509 1756 2564 „prudentia

211 2577 413 2621 excellens
426 2580 451 2600 ‘⁸
502 2591 627 2633 quam
679 2578 891 2634 „singulis
942 2578 1123 2622 consiliis
1171 2578 1409 2622 excellens“
1461 2579 1753 2623 circumscribi.

211 2645 317 2690 Sane
355 2647 497 2703 negari
536 2661 617 2692 non
655 2648 810 2703 potest,
857 2661 1076 2692 numerum
1116 2647 1321 2703 pluralem
1365 2648 1410 2690 in
1455 2649 1507 2692 113
1547 2650 1757 2693 vocabulis

209 2716 432 2772 postulari,
472 2717 516 2760 111
547 2718 696 2775 quibus
725 2718 951 2763 multitudo
982 2718 1155 2762 alicuius
1195 2718 1254 2761 rei
1285 2718 1352 2762 vel
1384 2713 1571 2776 singulae
1602 2719 1757 2774 species

209 2786 496 2843 respiciuntur.
559 2788 699 2844 Atque
729 2787 773 2831 in
804 2788 897 2833 aliis
937 2788 1172 2832 nominibus
1211 2788 1279 2832 hic
1309 2801 1506 2833 numerus
1545 2789 1654 2832 clare
1686 2802 1756 2833 ex-

207 2868 372 2910 pressus
419 2857 499 2910 est,
548 2857 678 2902 veluti
723 2857 766 2900 in
812 2857 1107 2908 δικας-πόλος
1145 2856 1203 2909 (ὁ
1235 2859 1355 2908 δίκας
1385 2858 1591 2914 πολέων)
1630 2860 1672 2901 et
1712 2860 1755 2901 in

207 2927 442 2970 Ναυσίκαα
471 2925 659 2982 (navium
689 2926 958 2972 multitudine
988 2928 1232 2983 praestans).
1287 2928 1368 2972 Sed
1396 2928 1469 2971 ubi
1497 2928 1608 2983 optio
1638 2928 1754 2972 nobis

1610 3009 1656 3048 2¹1*
