1932 3252
941 180 966 223 5

1687 335 1727 355 ΙΙ

185 321 316 365 forma
353 335 378 364 a
414 320 584 364 Benfeio
622 321 644 363 I
687 334 725 376 p.
766 321 864 364 317.
908 333 981 375 pro
1020 320 1196 363 locativo
1236 319 1413 361 habetur
1453 330 1500 360 ex
1540 321 1645 372 Βριι

185 396 318 449 Βριοι
348 392 566 442 contracto,
601 390 666 434 cui
695 404 776 434 non
807 389 998 434 assentiri
1028 403 1109 432 non
1139 402 1368 444 possumus.

324 461 532 516 ‹ivo-quod
568 463 705 505 nostro
751 464 873 513 „un“
912 460 979 501 vel
1016 460 1189 510 „miss“
1230 459 1417 513 componi
1449 460 1604 513 potest,
1638 470 1728 500 rem

183 543 287 585 quae
326 531 519 585 sequente
558 530 756 573 vocabulo
800 528 1058 584 significatur
1103 528 1147 570 in
1192 526 1349 569 malam
1394 527 1555 582 partem
1601 526 1729 570 vertit

185 602 226 644 et
276 600 467 652 infausti,
522 600 644 651 mali,
699 599 918 655 periculosi
971 599 1180 641 notionem
1225 597 1427 641 attiibuit.
1490 598 1726 654 Δύσπαρις,

183 671 402 728 δυσκλεής,
424 669 623 726 δὐσηχής,
645 668 872 726 δυσμενής,
895 667 1160 725 δυσθαλπής.

323 739 533 798 vim-omni
563 752 612 781 ex
633 739 749 793 parte
777 738 909 781 latino
930 738 1055 781 semi·
1078 738 1399 792 comparandum
1431 741 1503 781 est.
1530 736 1724 794 ἡμιδαής.

323 809 353 863 ξ.
388 810 426 850 4.
470 806 655 850 Secundo
685 807 773 850 loco
805 807 1031 862 composita
1062 808 1130 849 ab'
1147 807 1341 849 adverbio
1371 807 1612 861 incipientia
1641 818 1727 848 res-

183 878 404 933 piciuntur.

320 945 416 990 αἰεὶ.
479 946 604 1001 Apud
635 946 864 989 Homerum
904 945 1059 988 formae
1099 943 1185 988 αἰεὶ
1226 947 1268 988 et
1306 944 1400 988 αἰὲν
1436 945 1715 989 inveniuntur.

180 1017 312 1061 forma
349 1014 435 1066 αἰεὶ
471 1016 515 1059 in
553 1029 633 1059 uno
664 1015 888 1072 composito
921 1013 1182 1073 αἰειγενὲτης
1219 1015 1336 1059 nobis
1376 1015 1564 1068 offertur,
1599 1029 1725 1071 quam

179 1087 374 1130 Benfeius
406 1088 451 1139 (l
482 1100 519 1141 p.
556 1089 619 1135 7.)
658 1085 882 1129 locativum
912 1099 985 1141 pro
1017 1084 1149 1128 AzFoa
1180 1085 1338 1129 dictum
1370 1098 1457 1129 esse
1496 1086 1723 1130 contendit.

147 1181 156 1187 ·-
179 1156 340 1201 Benfeii
362 1156 473 1200 enim
494 1169 541 1199 ex
573 1155 789 1208 sententia,
814 1156 847 1198 F
870 1156 991 1200 litera
1013 1169 1108 1199 cum
1128 1155 1267 1199 media
1287 1155 1344 1199 sit
1364 1155 1471 1199 inter
1493 1170 1520 1199 u
1541 1158 1725 1200 vocalem

179 1228 222 1269 et
242 1226 533 1269 consonantem
554 1228 669 1278 Βαῦ,
700 1225 744 1267 in
764 1240 786 1267 ε
807 1226 970 1268 mutata
995 1227 1075 1276 est;
1108 1225 1224 1270 cuius
1245 1226 1305 1269 rei
1326 1226 1562 1281 exemplum
1583 1238 1725 1270 vocem

180 1297 332 1339 ἔεδνσν
353 1308 424 1350 pro
447 1295 611 1337 Ὲέδνον
640 1295 794 1337 dictam
815 1295 944 1338 affert.
970 1296 1015 1338 at
1035 1294 1217 1337 dubitari
1238 1295 1348 1348 licet,
1372 1308 1474 1338 num
1494 1296 1538 1338 in
1559 1296 1725 1339 nomine

180 1356 332 1408 ἔεδνον
362 1378 383 1406 ε
414 1377 435 1407 e
467 1363 677 1419 digamma
717 1363 946 1419 profectum
978 1363 1051 1415 sit;
1091 1376 1187 1408 nam
1227 1365 1275 1407 ut
1304 1365 1348 1408 in
1379 1364 1473 1409 aliis
1506 1364 1724 1421 (πέπλος)

180 1435 238 1478 sic
276 1436 319 1477 in
358 1434 434 1477 hoc
475 1434 639 1477 nomine
678 1434 812 1489 prima
853 1434 1014 1489 syllaba
1052 1434 1109 1477 Fe
1145 1435 1468 1490 reduplicatione
1515 1436 1721 1491 geminari

177 1504 323 1560 potuit.
389 1503 522 1557 Quare
555 1504 629 1547 Th.
660 1503 828 1560 Bergkii
860 1503 1175 1559 explicationem
1204 1505 1484 1559 praetulerim,
1527 1504 1599 1560 qui
1630 1504 1720 1555 αἰὲς

178 1576 220 1619 et
248 1573 333 1618 αἰεὶ
353 1588 401 1618 ex
422 1573 597 1618 locativo
620 1572 733 1617 αἰεσι
755 1574 940 1618 neutrius
962 1573 1056 1618 αἰὲν
1079 1579 1264 1626 (aevum)
1285 1575 1426 1631 genita
1446 1588 1534 1619 esse
1550 1575 1721 1619 censuit.

317 1644 424 1699 ἄγαν
464 1644 626 1701 (sehr),
678 1644 713 1687 si
758 1644 852 1687 aliis
899 1645 1109 1687 vocabulis
1156 1645 1422 1701 praefigitur,
1473 1661 1497 1687 ν
1554 1645 1722 1688 literam

177 1715 320 1759 abiicit
340 1715 501 1770 praeter
522 1715 565 1757 in
587 1727 668 1757 uno
691 1711 941 1769 ἅγάννιφος.
976 1714 1231 1769 singularem
1252 1715 1429 1758 formam
1451 1714 1724 1770 compositum

176 1784 393 1844 ἢγά-’θεος
422 1784 610 1839 praebet3
659 1796 790 1839 neque
821 1796 916 1827 vero
947 1784 1030 1836 est,
1073 1797 1145 1827 cur
1183 1783 1233 1827 de
1274 1784 1406 1828 forma
1436 1782 1517 1843 ἠγα
1555 1798 1603 1829 ex
1643 1782 1725 1839 α’γα

175 1855 356 1911 profecta
387 1854 636 1907 dubitemus,
670 1867 797 1909 quum
820 1854 1057 1909 saepissime
1090 1854 1248 1910 primae
1279 1855 1573 1899 vocabulorum
1594 1855 1722 1911 sylla-

175 1926 262 1977 bae,
295 1926 343 1967 ut
373 1925 504 1966 metro
535 1924 801 1978 adaptentur,
840 1924 1008 1978 produci
1040 1924 1209 1966 soleant.
1243 1925 1293 1966 cf.
1327 1938 1365 1979 p.
1402 1923 1571 1981 ἀγήνωρ
1604 1926 1721 1968 deni-

175 2006 254 2049 que
284 1993 441 2036 exitum
472 1992 655 2035 adverbii
688 1991 795 2045 ἄγαν
827 1992 995 2044 abiecit,
1036 2005 1087 2034 ne
1126 1993 1270 2036 eadem
1302 1994 1464 2049 syllaba
1495 1994 1557 2038 bis
1589 1995 1721 2050 posita

176 2063 249 2114 sit;
290 2061 490 2105 eiusmodi
530 2062 714 2116 syllabae
752 2061 860 2104 inter
907 2074 949 2104 se
996 2063 1187 2117 aequales
1234 2063 1392 2107 homini
1432 2064 1588 2108 Graeco
1634 2065 1722 2108 tam

176 2133 286 2176 male
327 2132 548 2182 sonabant,
591 2132 639 2173 ut
684 2131 801 2173 anxie
847 2144 914 2173 eas
956 2132 1128 2187 fugeret.
1192 2132 1305 2175 Infra
1337 2134 1509 2177 eandem
1542 2134 1723 2178 Graecae

176 2202 344 2258 linguae
364 2201 498 2257 legem
534 2200 577 2242 in
608 2200 844 2255 compositis
874 2200 1145 2258 κελαινεῳής,
1176 2203 1325 2255 μῶνυξ
1356 2202 1719 2257 deprehendemus.

177 2271 225 2313 cf.
261 2284 364 2325 quae
396 2270 445 2313 de
477 2271 553 2313 hac
583 2284 627 2313 re
658 2284 696 2325 p.
737 2272 800 2313 16.
835 2271 943 2313 dicta
976 2272 1082 2313 sunt.

318 2339 417 2393 ἄγχι
438 2339 549 2381 idem
571 2339 771 2382 locativus
802 2340 866 2382 est
885 2352 957 2394 pro
981 2339 1106 2393 ἄγχοι
1128 2340 1283 2393 dictus,
1307 2354 1429 2397 quem
1450 2341 1534 2384 iam
1557 2342 1721 2397 saepius

178 2409 221 2452 in
243 2408 458 2464 particulis
490 2408 852 2462 deprehendimus;
887 2409 938 2451 ab
960 2409 1105 2452 eadem
1126 2410 1254 2465 stirpe
1286 2409 1542 2464 a'yxo-etiam
1565 2412 1721 2454 formae

179 2476 333 2531 α’γχοῦ,
367 2475 543 2530 ἄγχόσε,
577 2475 787 2530 ἀγχόθεν,
821 2475 980 2531 ἀγχόθι
1011 2478 1322 2523 descenderunt.
1363 2480 1587 2536 composita
1625 2494 1718 2524 cum

179 2547 276 2600 ἄγχι
309 2547 484 2589 formata
514 2547 613 2591 haec
652 2548 769 2590 sunt:
812 2545 1059 2601 α’γχί-αλος,
1101 2547 1397 2607 ἄγχι-βαθής,
1438 2549 1716 2605 ἀγχί-μολος,

179 2613 502 2674 ἄγχι-μαχητής,
535 2615 764 2671 οἶγχί-νοος.
797 2618 1008 2672 praeterea
1029 2630 1123 2661 vero
1144 2619 1270 2662 etiam
1291 2620 1422 2663 forma
1453 2618 1555 2675 α’γχε
1577 2622 1620 2664 in
1643 2635 1723 2666 uno

179 2685 402 2740 composito
433 2683 672 2740 α’γχὲμαχος
701 2687 923 2741 reperitur;
962 2700 1085 2741 quam
1116 2687 1291 2731 sennam
1322 2702 1394 2743 pro
1426 2690 1524 2743 ἄγχι
1545 2692 1722 2745 positam

179 2767 266 2798 esse
297 2753 466 2797 Benfeio
497 2755 612 2798 nullo
649 2756 767 2810 pacto
799 2756 1016 2808 assentiar,
1059 2769 1152 2799 cum
1191 2771 1320 2813 neque
1360 2759 1403 2801 in
1441 2760 1529 2815 ipso
1558 2773 1721 2817 compo-

180 2824 259 2867 sito
291 2824 379 2867 ulla
409 2837 531 2868 causa
570 2825 702 2880 posita
741 2825 807 2877 sit,
842 2839 913 2869 cur
952 2842 968 2867 ι
998 2826 1041 2868 in
1072 2842 1093 2869 ε
1124 2828 1278 2871 mutari
1310 2828 1477 2880 debeat,
1512 2842 1643 2885 neque
1674 2844 1722 2874 ex

180 2907 350 2939 numero
382 2895 609 2939 ceterorum
642 2895 909 2940 locativormn
941 2896 1028 2939 eius
1059 2898 1300 2942 mutationis
1333 2900 1520 2956 exempla
1542 2901 1715 2945 conferri

181 2965 350 3020 possint.
422 2965 624 3020 Equidem
665 2964 765 3020 ἄγχε
812 2980 883 3021 pro
924 2967 1104 3010 ablativo
1152 2969 1397 3024 acceperim,
1447 2970 1516 3025 qui
1559 2971 1721 3026 proprie
