1932 3252
934 106 961 148 8

173 257 269 289 vero
299 257 405 300 quae
438 244 486 287 de
518 244 650 287 forma
681 245 789 302 τηλυ
821 245 1019 300 exposuit,
1052 246 1223 289 Benfeio
1255 245 1445 289 assentiri
1475 252 1556 288 non
1577 257 1721 300 possu—

171 327 277 358 mus.
340 315 383 357 Is
400 314 512 357 enim
543 314 779 369 compositis
801 314 1049 371 τηλύ-γετος
1071 316 1112 357 et
1131 314 1372 371 πηλύγετος
1389 315 1571 366 (Ahrens
1592 313 1719 356 Diall.

166 398 206 440 p.
253 385 376 436 155).
416 384 526 428 inter
564 397 607 427 se
647 383 894 439 comparatis
942 385 1050 443 τηλυ
1095 385 1157 427 ita
1202 384 1502 440 interpretatus
1547 385 1628 436 est,
1676 384 1724 426 ut

170 454 297 509 stirps
327 453 462 498 ionica
493 454 600 511 τηλο
638 454 682 496 111
714 453 854 497 dativo
885 455 1223 498 terminationem
1254 454 1453 498 aeolicam
1492 471 1537 499 vc
1567 469 1639 512 pro
1671 472 1723 497 ωι

174 525 486 581 assumpsisset,
526 540 572 567 υι
604 537 699 568 vero
736 524 781 567 in
813 541 839 568 v
879 525 1146 569 debilitatum
1184 526 1302 569 esset.
1366 525 1555 582 Denique
1595 525 1724 570 restat

172 594 461 650 interpretatio
491 594 741 637 Buttmanni
779 595 824 637 in
855 595 1036 651 Lexilog.
1054 647 1059 656 Ι
1075 595 1137 646 ΙΙ,
1170 608 1209 649 p.
1248 596 1342 638 198.
1406 594 1483 637 Vir
1513 595 1564 638 de
1595 595 1723 638 inter-

173 663 406 719 pretatione
436 664 730 707 vocabulorum
746 657 1062 708 Homericorum
1093 664 1247 720 optime
1278 664 1464 717 meritus,
1499 666 1723 721 postquam

176 733 369 777 omnibus
407 733 508 777 locis
539 733 773 777 Homericis
804 734 913 778 inter
951 747 994 778 se
1033 734 1280 790 comparatis
1318 734 1569 778 sententiam
1618 729 1724 790 quae

173 807 299 865 vulgo
330 806 380 849 de
412 803 641 861 τηλύγετος
662 804 844 848 creditur
865 804 1015 848 falsam
1036 817 1124 849 esse
1145 804 1458 858 demonstravit,
1490 818 1539 849 ex
1555 805 1596 849 N
1618 807 1726 859 470,

173 878 209 921 Ε
244 878 347 928 153,
382 876 408 918 δ
443 878 514 926 11,
548 877 576 930 β
607 871 693 917 365
725 887 866 917 veram
894 870 1111 930 compositi
1139 875 1348 919 notionem
1378 888 1425 919 eo
1446 874 1647 928 definivit,
1680 876 1727 918 ut

177 946 404 990 delicatum
442 944 510 987 vel
548 943 750 986 dilectum
788 943 855 986 vel
892 944 1113 999 parentum
1150 944 1412 1000 indulgentia
1443 944 1727 988 effeminatum

177 1015 395 1074 significet.
453 1014 581 1057 Porro
620 1027 749 1069 quum
787 1014 830 1056 in
869 1013 1156 1071 Etymologico
1196 1014 1386 1059 Gudiano
1437 1015 1636 1070 scriptum
1673 1014 1727 1057 sit

177 1086 420 1144 τηλύγετος·
462 1081 489 1126 ὀ
526 1083 771 1132 τελευταῖος
810 1085 868 1140 τῷ
904 1082 1037 1140 πατρὶ
1079 1084 1332 1139 γενόμενος,
1371 1085 1478 1142 τηλυ
1515 1084 1567 1128 ad
1609 1083 1728 1134 τέλος

179 1157 400 1202 revocavit.
462 1156 526 1200 Ac
556 1167 700 1199 revera
730 1153 991 1198 substantivo
1014 1154 1208 1212 τελευτή,
1240 1155 1372 1199 forma
1403 1155 1595 1199 adiectivi
1626 1154 1727 1197 τελυ

170 1226 438 1284 supponenda
468 1226 532 1269 est
562 1224 637 1279 (cf.
671 1224 830 1280 Benfey
860 1224 916 1275 II,
952 1225 1035 1267 257
1046 1225 1073 1279 ).
1114 1224 1215 1267 τελυ
1246 1224 1379 1268 forma
1409 1225 1596 1267 neutrius
1634 1236 1728 1266 vero

181 1310 311 1354 quum
341 1295 465 1339 aliter
494 1294 628 1338 metro
660 1293 863 1350 dactylico
902 1292 1065 1349 iniungi
1102 1307 1184 1337 non
1222 1295 1371 1349 posset,
1411 1294 1455 1336 in
1493 1293 1600 1351 τηλυ
1636 1306 1729 1349 pro-

180 1367 305 1412 ducta
335 1367 409 1410 est.
474 1365 759 1407 Buttmannus
798 1363 897 1406 dum
936 1363 978 1406 et
1016 1363 1219 1419 originem
1251 1364 1292 1407 et
1330 1363 1539 1407 notionem
1576 1363 1729 1407 formae

181 1438 290 1497 τηλυ
321 1437 432 1480 recte
465 1434 662 1491 explicat,
703 1433 747 1476 in
777 1433 854 1477 hoc
892 1446 973 1477 uno
1005 1433 1178 1485 erravit,
1219 1434 1327 1489 quod
1358 1433 1466 1491 τηλυ
1503 1446 1575 1489 pro
1607 1433 1730 1476 τελευ

179 1508 362 1565 positum
401 1518 489 1549 esse
521 1503 700 1556 censuit,
740 1504 788 1546 ut
824 1502 999 1546 ultimae
1038 1503 1223 1559 syllabae
1263 1504 1462 1559 correptio
1494 1501 1729 1547 extensione

179 1576 326 1634 prioris
358 1574 703 1630 compensaretur.
766 1588 815 1616 ευ
848 1572 1128 1629 diphthongus
1159 1585 1208 1616 ex
1239 1572 1417 1628 simplici
1449 1589 1475 1616 v
1506 1573 1581 1616 illa
1611 1585 1731 1616 voca-

179 1648 286 1691 lium
317 1644 558 1702 gradatione
591 1644 681 1686 orta
711 1643 785 1693 est,
820 1654 945 1696 quam
966 1642 1229 1697 grammatici
1261 1642 1388 1685 indici
1409 1655 1564 1698 gunam
1586 1645 1733 1685 vocant

183 1717 321 1770 (σπυδ
341 1715 541 1766 σπεύδω,·
572 1713 752 1769 βραχύς,
784 1715 995 1768 βραχευος
1028 1729 1069 1749 =
1101 1712 1319 1767 βραχεῈος
1360 1730 1399 1749 =
1439 1715 1632 1767 βραχέος.
1680 1712 1729 1754 cf.

182 1785 361 1842 Benfey,
409 1784 580 1841 praefat.
622 1797 662 1838 p.
704 1782 855 1832 VIII.)
902 1782 1002 1825 τελυ
1049 1782 1181 1825 forma
1218 1782 1409 1826 neutrius
1449 1782 1571 1826 unius
1610 1782 1755 1826 metri·

182 1869 307 1901 eausa
337 1856 382 1898 in
413 1854 522 1913 τηλυ
553 1853 718 1899 mutata
748 1853 821 1896 est.

301 1926 404 1976 ἑκάς
434 1924 610 1982 (procul)
625 1924 800 1980 ‘priscus
829 1923 1039 1980 genitivus
1070 1923 1320 1968 substantivi
1352 1924 1431 1967 ἑκά
1461 1924 1537 1977 est,
1568 1924 1684 1967 cuius
1706 1940 1733 1967 α

186 1999 380 2055 longum,
420 1996 470 2038 ut
506 1995 550 2037 in
589 1994 796 2038 adverbiis
828 1993 918 2036 fieri
950 1994 1075 2047 solet,
1109 1994 1341 2049 correptum
1373 1995 1453 2045 est3
1492 1994 1544 2037 ab
1591 1993 1734 2038 eadem

182 2067 311 2123 stirpe
359 2064 488 2109 etiam
534 2063 778 2106 adverbium
826 2063 1020 2106 {sea-:lev
1065 2063 1287 2107 descendit.
1360 2063 1461 2113 ἑκάς
1499 2063 1543 2107 111
1574 2063 1733 2107 duobus

183 2135 421 2192 compositis
453 2134 690 2190 ἑκάῈεργος
721 2134 763 2176 et
794 2133 1001 2191 ἑκήβολος
1031 2133 1252 2178 invenitur.
1296 2147 1324 2177 σ
1350 2134 1473 2177 litera
1509 2135 1605 2177 ante
1637 2146 1732 2176 con-

184 2207 377 2252 sonantes
398 2206 431 2248 F
463 2206 506 2248 et
525 2206 553 2260 β
584 2203 792 2259 exstingui
823 2203 983 2254 debuit;
1016 2204 1060 2246 in
1083 2204 1291 2262 ἑκήβολος
1311 2217 1406 2247 vero
1437 2203 1590 2247 vocalis
1610 2204 1734 2260 longa

184 2276 310 2334 prisci
348 2274 524 2332 genitivi
556 2275 719 2317 servata
750 2274 825 2316 est.
875 2274 1219 2331 enam-denique
1265 2274 1309 2316 in
1355 2274 1616 2331 ἑκατήβολος
1661 2288 1733 2331 pro

185 2350 339 2395 ἑκατας
369 2345 551 2401 positum
583 2344 764 2394 videtur;
805 2356 983 2398 namque
1014 2345 1062 2387 ut
1091 2344 1232 2387 Latini
1271 2343 1506 2387 nominibus
1537 2345 1732 2388 suffixum

183 2419 267 2460 tus
308 2414 556 2469 subiungere
595 2413 747 2466 solent,
789 2414 836 2456 ut
874 2413 982 2455 unde
1022 2414 1180 2470 aliquid
1225 2413 1415 2471 genitum
1462 2414 1529 2457 vel
1574 2415 1731 2459 factum

183 2486 251 2537 sit,
283 2484 469 2527 indicent
500 2484 743 2536 (coeli-tus,
778 2484 1045 2539 antiqui-tus
1077 2485 1186 2541 etc),
1220 2485 1279 2528 sic
1309 2484 1467 2540 graecis
1498 2485 1733 2530 nominibus

185 2554 329 2599 'eodem
377 2568 471 2598 cum
518 2567 639 2598 sensu
686 2554 882 2598 suffixum
929 2570 1002 2605 τας
1042 2555 1311 2599 subnectitur.
1354 2555 1560 2610 significat
1605 2555 1734 2610 igitur

186 2624 516 2681 ἓκατη-βελὲτης
547 2636 568 2666 e
590 2624 814 2680 longinquo
845 2625 1004 2667 iactans
1037 2625 1103 2679 (cf.
1138 2625 1297 2680 Benfey
1328 2625 1360 2675 1,
1396 2625 1510 2676 349).

329 2695 347 2748 §
381 2696 418 2736 5.
459 2693 557 2737 Jam
587 2694 639 2736 ad
671 2707 719 2736 ea
750 2694 976 2748 composita
996 2695 1240 2746 accedimus,
1275 2706 1379 2749 quae
1410 2693 1453 2735 in
1484 2694 1616 2748 priore
1646 2694 1732 2736 loco

184 2761 506 2819 praepositiones
527 2762 760 2806 ostendunt.
803 2762 891 2805 Nec
912 2775 1007 2806 vero
1028 2763 1096 2806 hic
1117 2776 1217 2819 opus
1239 2762 1303 2806 est
1322 2774 1463 2806 omnes
1483 2762 1733 2806 mutationes

185 2833 336 2890 quibus
373 2833 694 2889 praepositiones
733 2833 970 2877 afficiantur
1009 2833 1173 2889 longius
1204 2845 1414 2889 exponere,
1448 2833 1598 2888 quippe
1629 2846 1734 2887 quae

182 2904 228 2947 111
258 2900 421 2960 legibus
453 2904 690 2959 euphonicis
721 2905 878 2961 positae
909 2904 993 2948 sint
1035 2916 1138 2959 quae
1177 2916 1249 2960 per
1294 2904 1426 2947 totam
1463 2902 1733 2960 graecitatem
