1932 3252
984 149 1044 199 ,128

242 287 391 331 inutile
431 287 595 332 videtur
634 301 732 332 esse.
783 289 937 333 etenim
983 301 1087 345 quae
1134 290 1295 344 proprie
1342 289 1509 346 quidem
1555 290 1791 335 formandae

240 359 359 401 erant
379 359 535 402 formae
567 358 802 417 ἀλιτρεφης
833 360 899 403 vel
925 359 1188 418 -ἁλοτρεφης,
1221 359 1572 419 ἐλο(σ)θρεπτος,
1602 365 1791 417 nepam)-

241 432 340 480 ξοος
392 431 525 474 metro
577 428 779 486 dactylico
830 429 985 487 optime
1037 430 1303 483 conveniunt,
1358 430 1580 477 dummodo
1630 442 1793 487 semper

241 498 459 542 trochaeus
513 498 741 542 antecedat.
806 512 931 555 quare
987 510 1109 544 causa
1155 500 1278 544 huius
1324 500 1582 545 formationis
1627 500 1793 545 aliunde

241 568 359 612 nobis
389 567 567 623 petenda
597 567 771 618 videtur.
798 569 891 617 ‚iam
922 569 1026 614 duae
1057 569 1356 626 interpretandi
1393 569 1485 614 viae
1522 583 1564 615 se
1604 570 1791 615 offerlmt.

241 637 396 681 etenim
428 638 501 680 aut
530 637 686 681 formae
719 636 841 691 ἁλιο,
881 638 1000 692 ἐλεο,
1031 654 1161 695 κεραο
1194 652 1217 683 a
1248 639 1520 683 substantivis
1552 637 1649 693 ἅλς,
1682 640 1794 692 ἔλος,

241 711 369 766 κέρας
399 707 712 761 descenderunt,
745 710 789 752 et
818 709 1044 765 composita
1084 708 1160 753 illa
1198 708 1419 764 posteriore
1459 710 1656 765 tempore,
1701 721 1795 753 cum

243 777 447 834 genuinae
478 777 785 832 compositionis
818 778 965 833 regula
994 778 1080 821 iam
1110 778 1217 821 nihil
1255 778 1432 831 valeret,
1472 779 1525 821 ad
1562 781 1792 823 ceterorum

241 846 562 891 similitudinem
593 845 777 902 figurata
808 847 923 898 sunt;
956 859 1082 902 quare
1098 846 1272 904 genitivi
1292 850 1460 903 κέραος,
1481 847 1603 898 ἔλεος
1623 859 1652 891 ο·
1670 848 1795 892 litera

244 918 405 962 abiecta
444 917 497 961 ad
527 916 810 973 componenda
840 918 1040 962 vocabula
1078 916 1253 962 adhibiti
1293 918 1408 971 sunt,
1448 916 1493 961 in
1531 915 1793 977 ἁλιοτρεφής

244 1001 340 1032 vero
372 988 527 1031 formae
560 985 647 1041 ἁλι,
679 1000 783 1043 quae
800 987 843 1031 in
860 987 1079 1044 permultis
1104 987 1198 1032 aliis
1220 987 1456 1049 compositis
1477 987 1658 1041 offertur,
1682 987 1793 1031 idem

244 1059 553 1114 compositionis
598 1057 765 1114 signum
812 1074 836 1101 ο
884 1058 1073 1102 additum
1119 1060 1182 1102 est
1220 1046 1342 1101 unius
1388 1057 1601 1114 analogiae
1645 1057 1791 1114 gratia.

243 1142 323 1183 quo
361 1128 495 1183 posito
540 1128 582 1170 in
630 1126 891 1185 ἀλιοτρεφής
930 1127 1062 1175 forma
1099 1127 1339 1171 secundaria
1387 1124 1481 1177 ἅλις
1526 1127 1793 1170 coniectanda

248 1200 322 1241 aut
352 1197 454 1240 duas
487 1197 795 1252 compositionis
825 1197 987 1240 vocales
1019 1213 1035 1239 ι
1057 1198 1144 1240 eto
1177 1197 1244 1239 hic
1275 1198 1435 1240 exstare
1465 1196 1697 1251 putandum
1716 1197 1790 1240 est.

243 1266 334 1310 Aut
354 1267 462 1322 quod
482 1266 588 1309 mihi
609 1267 744 1322 magis
772 1266 1030 1322 probandum
1058 1265 1234 1319 videtur,
1268 1266 1492 1321 composita
1521 1264 1793 1324 ἁλιοτρεφής,

241 1336 553 1394 ἐλεόθρεπτος,
591 1336 822 1392 κεραοξόος
859 1336 996 1391 potius
1037 1335 1089 1379 ad
1129 1335 1331 1380 adiectiva
1370 1334 1510 1389 ἅλιος,
1550 1336 1689 1386 ἕλειος
1725 1335 1793 1379 vel

244 1406 380 1458 ἔλεος,
411 1409 565 1462 κε’-ραος
595 1405 824 1449 revocanda
855 1407 964 1448 sunt.
1024 1406 1119 1449 Iure
1150 1405 1257 1461 quod
1288 1406 1331 1448 in
1362 1405 1467 1449 mari
1498 1406 1541 1449 et
1560 1405 1710 1461 palude
1730 1406 1793 1449 est

244 1474 372 1519 ἅλιον
412 1477 454 1518 et
491 1475 636 1518 ἕλειον
675 1475 812 1518 vocari
850 1476 1030 1530 poterat,
1071 1488 1147 1519 nec
1185 1475 1322 1518 minus
1362 1476 1457 1530 apte
1492 1476 1582 1519 tota
1617 1476 1792 1519 materia

244 1559 369 1600 quam
401 1546 585 1588 tornator
624 1544 833 1588 cornarius
871 1545 1048 1588 tractare
1086 1544 1191 1588 solet
1228 1545 1373 1587 neutro
1411 1547 1569 1605 κρραον
1607 1557 1791 1600 compre-

243 1615 450 1659 henditur.

386 1686 551 1728 Tertiae
583 1676 1106 1729 declinationis'adiectiva
1152 1685 1283 1728 vocali
1329 1685 1576 1728 terminatae
1620 1685 1792 1740 stirpem

242 1756 427 1799 flexionis
449 1770 553 1812 quae
584 1756 627 1799 in
650 1756 796 1799 neutro
828 1756 963 1799 exstat
984 1755 1035 1799 ad
1057 1755 1257 1798 vocabula
1277 1754 1557 1810 componenda
1578 1754 1787 1798 adhibent.

237 1825 565 1883 πολυ-βενθής,
594 1825 831 1876 πολυ-άϊξ,
862 1823 1162 1880 εὐρυ-μέδων,
1193 1824 1523 1881 θρασυ-μήδης,
1545 1821 1792 1881 ήδυ-Γεπής

239 1895 513 1952 θεσπι-δαής·
546 1891 785 1951 εἰῗη-γενής
816 1893 950 1937 solum
982 1892 1269 1952 excipiendum
1300 1893 1376 1946 est,
1407 1892 1527 1936 cuius
1557 1893 1689 1937 forma.
1709 1891 1789 1952 εὐη

240 1965 301 2007 ita
332 1963 574 2019 explicanda
595 1965 670 2015 est,
703 1964 752 2006 ut
771 1963 806 2006 F
828 1962 1021 2006 adiectivi
1043 1962 1162 2014 ἐῈύς,
1193 1962 1301 2017 quod
1322 1962 1449 2005 etiam
1471 1975 1579 2005 nunc
1600 1975 1648 2006 ex
1669 1976 1788 2007 voca-

239 2034 345 2077 lium
377 2048 399 2075 ε
431 2034 472 2077 et
503 2049 529 2076 v
561 2033 735 2076 diaeresi
767 2032 1044 2089 cognoscitur,
1078 2032 1121 2075 in
1153 2048 1179 2075 v
1211 2031 1441 2084 transierit,
1475 2047 1501 2090 η
1533 2045 1627 2083 vero
1658 2045 1707 2077 ex
1736 2047 1788 2076 εα

239 2104 427 2148 neutrius
457 2103 633 2159 pluralis
664 2102 876 2147 vocalibus
908 2103 1165 2146 contractum
1196 2102 1262 2145 sit.
1295 2101 1424 2158 igitur
1461 2100 1541 2160 εὐη
1571 2116 1645 2158 pro
1676 2102 1785 2147 ἐΕεα

238 2173 306 2217 vel
337 2173 423 2231 ἐΈη
456 2173 614 2216 dictum
646 2175 719 2216 est.
784 2174 833 2215 In
855 2173 1152 2216 adiectivorum
1175 2172 1373 2227 stirpibus
1402 2173 1534 2216 vocali
1554 2173 1787 2217 terminatis

235 2243 364 2286 etiam
394 2242 549 2286 formae
581 2241 719 2299 α’ργι-,
750 2241 920 2293 καλλι-,
954 2243 1071 2285 κυδι-
1103 2240 1405 2285 enumerandae
1435 2243 1551 2294 sunt,
1597 2254 1703 2298 quae
1733 2243 1786 2287 ad

236 2312 405 2355 nomina
438 2310 627 2370 ἀργήεις,
665 2312 845 2363 κάλλος,
884 2311 1094 2363 καλλίων,
1133 2311 1385 2364 κάλλιστος,
1423 2312 1571 2364 κῦδος,
1609 2313 1785 2374 κυδίων,

235 2383 438 2431 κύδιστος
468 2383 655 2437 spectant
692 2383 734 2425 et
771 2381 815 2424 in
847 2381 1084 2437 compositis
1115 2379 1476 2438 α’ργι-κὲραυνος,
1509 2378 1785 2438 ἄρῃ-ὁδους,

236 2451 527 2508 καλλί-ρροος
571 2451 860 2505 κυδι-άνειρα
899 2450 1136 2494 offeruntur.
1208 2450 1302 2493 Huc
1348 2450 1476 2493 etiam
1514 2463 1626 2505 quae
1663 2464 1786 2507 supra

235 2522 650 2565 commemoravimus
681 2521 906 2577 composita
936 2521 1061 2575 χαλί-
1074 2536 1213 2578 φρων,
1246 2523 1626 2578 τερπι-κέραυνος,
1657 2522 1785 2564 λαθι-

235 2591 367 2649 κηδής
405 2591 603 2646 spectant‚
643 2591 678 2633 si
720 2591 861 2633 nostra
906 2590 1111 2633 sententia
1149 2603 1192 2633 se
1230 2590 1340 2633 recte
1378 2589 1515 2633 habet.
1590 2589 1703 2643 Quae
1740 2591 1784 2634 in

235 2660 527 2702 consonantem
550 2662 711 2712 exeunt,
744 2660 941 2714 sequente
963 2661 1209 2703 consonante
1240 2660 1361 2713 prout
1389 2660 1570 2703 metrum
1586 2660 1783 2714 >postulat

236 2731 309 2773 aut
346 2731 574 2774 extremam
617 2730 784 2774 literam
824 2729 1085 2786 exstingunt,
1125 2731 1198 2773 aut
1229 2742 1252 2773 o
1283 2729 1468 2773 vocalem
1499 2730 1779 2785 interponunt.

235 2800 552 2858 μεγα(λ)κήτης,
581 2800 890 2857 μεγαλόφρων;
930 2800 1004 2843 aut
1042 2799 1114 2843 ubi
1144 2800 1234 2844 fieri
1264 2801 1400 2855 potest
1429 2801 1613 2843 extrema
1642 2812 1784 2843 conso-

235 2882 338 2912 nans
359 2870 549 2925 sequenti
569 2870 714 2913 literae
737 2870 995 2913 assimilatur
1014 2871 1313 2929 μελαγχροιής,
1334 2871 1605 2925 μελάμπους,
1625 2870 1782 2924 μελάν-

238 2940 372 2989 δετος.
434 2940 624 2983 Primam
656 2940 863 2996 syllabam
885 2939 1010 2983 metri
1033 2941 1490 2995 eausa-'nonnumquam
1510 2938 1679 2994 produci
1698 2939 1784 2984 iam
