1932 3252
933 78 989 124 25

191 222 265 266 aut
307 220 624 266 consonantibus
669 220 917 265 terminatae
960 234 1063 278 quae
1108 221 1154 264 in
1199 218 1457 264 nominativo
1496 235 1517 268 ς
1546 218 1732 262 litteram

194 293 411 336 assumunt
448 291 536 335 sine
573 290 661 334 ulla
698 292 927 337 mutatione
955 292 1065 349 parti
1095 291 1220 347 priori
1260 289 1582 346 subiunguntur.
1635 289 1732 332 ἐπι-

191 362 373 419 ποιμήν,
404 361 704 418 (ἴημα-γέρων,
735 362 1019 416 θυμο-λέων,
1051 359 1381 418 ὀλβιο-δαίμων,
1408 358 1733 416 πολυ-τρήρων,

192 429 533 485 ἑκατόμ-πολις,
564 430 844 489 δολό-μητις,
875 429 1130 487 εὕ-κνημις,
1162 429 1410 486 ἐρι-βῶλαξ,
1442 427 1596 485 ἅερσί-
1605 444 1732 481 πους,

194 500 515 555 ταμεσί-χρως,
565 499 882 557 πολυ-δειράς,
931 497 1225 557 πολυ-κληΐς,
1274 499 1582 556 κρατερ-ῶνυξ
1634 497 1730 541 alia.

190 569 398 614 Accentus
427 570 508 615 nisi
538 572 649 614 certo
679 570 826 614 suffixo
855 570 1054 623 inhaeret,
1087 570 1289 625 quantum
1309 582 1382 625 pro
1403 568 1636 625 quantitate
1659 582 1729 611 ex-

191 639 349 683 tremae
382 640 567 697 syllabae
597 639 687 683 fieri
725 639 880 695 potest,
912 639 1022 683 retro
1060 638 1205 696 vergit.
1268 639 1331 682 De
1361 638 1533 682 flexione
1561 638 1732 682 illorum

193 710 510 765 compositorum
540 711 584 753 in
615 710 856 756 universum
886 709 1114 753 notandum
1145 711 1208 752 est
1245 723 1294 752 ea
1333 709 1384 752 ad
1413 709 1732 752 similitudinem

191 778 427 835 posterioris
465 779 714 823 substantivi
752 779 796 823 in
835 791 952 824 casus
991 778 1121 831 flecti,
1171 778 1422 835 eandemque
1467 779 1643 822 formam
1687 777 1732 821 in

192 848 421 892 masculino
452 850 495 892 et
524 849 723 892 feminino
752 848 971 905 generibus
1001 848 1208 903 usurpari;
1240 860 1369 903 genus
1390 849 1584 890 neutrum
1604 847 1731 891 silen-
1758 850 1765 853 ’

192 918 252 962 tio
289 917 511 974 praeterire
551 931 788 975 possumus,
823 917 973 975 quippe
1004 917 1111 974 quod
1141 930 1345 974 nusquam
1374 916 1619 962 inveniatur.
1681 917 1732 961 In

194 988 429 1043 compositis
460 987 583 1044 ἄρτί-
591 1004 723 1041 πους,
755 987 1035 1038 αἐλλό-πους
1064 988 1197 1031 forma
1227 987 1491 1038 nominativi,
1523 988 1572 1029 ut
1600 988 1733 1030 metro

192 1057 354 1101 heroico
384 1058 482 1114 apta
511 1057 598 1119 fiat,
630 1057 675 1101 in
706 1073 788 1108 πος
818 1057 1070 1101 debilitatur.

338 1126 608 1171 Substantiva
637 1128 681 1171 in
713 1127 765 1185 ήρ
801 1127 989 1171 cadentia
1027 1127 1189 1182 saepius
1227 1127 1270 1170 et
1307 1125 1423 1183 φρήν
1461 1139 1537 1170 vox
1575 1140 1735 1183 semper

193 1197 266 1241 ubi
306 1197 606 1253 componuntur
643 1197 687 1240 in
725 1213 785 1254 ωρ
825 1197 867 1241 et
905 1212 1028 1253 φρων
1066 1196 1299 1248 transeunt3
1340 1209 1389 1239 ea
1428 1209 1523 1239 vero
1553 1195 1732 1248 nomina,

193 1281 298 1324 quae
320 1283 380 1324 ωρ
401 1267 737 1325 terminationem
757 1267 924 1320 habent,
956 1280 1047 1311 eam
1070 1267 1197 1311 etiam
1217 1266 1262 1310 in
1283 1265 1519 1321 compositis
1539 1266 1732 1310 retinent.

195 1337 463 1395 φθισ·ήνωρ,
495 1337 729 1395 ῥηξ-ήνωρ,
761 1336 966 1395 α’γ-ήνωρ,
997 1337 1245 1393 πρό-φρων,
1277 1336 1586 1393 ταλασί-φρων,
1613 1336 1735 1391 μελί-

194 1422 332 1463 φρων,
349 1406 575 1463 ἐπι-ἰστωρ
585 1406 769 1463 (ἴστωρ),
782 1406 1063 1463 ἑπ-αμύντωρ
1073 1404 1326 1461 (ἀμύντωρ).
1343 1406 1547 1449 adiectiva
1557 1406 1600 1448 in
1610 1421 1734 1461 φρων

194 1475 385 1519 exeuntia
414 1476 580 1530 excepto
611 1489 692 1518 uno
714 1476 912 1519 vocabulo
932 1476 1195 1532 πρόφρασσα
1216 1475 1387 1518 eandem
1409 1476 1584 1518 formam
1606 1475 1734 1518 etiam

193 1545 237 1588 in
267 1557 415 1601 genere
446 1544 644 1588 feminino
675 1545 866 1589 retinent.
930 1544 1010 1589 Sed
1040 1558 1135 1589 cum
1171 1544 1416 1600 terminatio,
1446 1561 1507 1602 ωρ
1545 1544 1622 1589 soli
1661 1558 1734 1603 ge-

193 1615 282 1658 neri
326 1615 554 1658 masculino
600 1614 835 1668 conveniat,
883 1615 1142 1659 substantiva
1187 1615 1230 1658 in
1270 1631 1337 1672 ηρ,
1376 1616 1447 1658 ubi
1486 1615 1735 1659 femininum

195 1684 418 1740 quaeritur,
443 1684 696 1742 singularem
717 1685 892 1729 formam
914 1685 957 1729 in
978 1701 1075 1743 ειρα
1096 1686 1273 1729 formare
1289 1685 1434 1729 solent.
1469 1683 1736 1743 ἀντιάνειρα,

194 1755 469 1811 βωτιάνειρα,
484 1755 751 1810 κυδιάνειρα,
772 1755 1066 1810 καλλιάνειρα.
1089 1768 1193 1811 quae
1212 1755 1404 1799 formatio
1420 1755 1481 1799 ita
1496 1756 1738 1811 explicanda

195 1825 269 1876 est,
289 1824 338 1867 ut
354 1839 400 1867 ια
416 1823 611 1867 suffixum
627 1824 875 1868 femininum
884 1823 1003 1880 stirpi
1013 1824 1249 1880 primitivae
1258 1839 1306 1880 ερ
1319 1824 1595 1881 suffigeretur,
1614 1826 1737 1881 atque

195 1908 292 1949 ερια
328 1893 550 1937 metathesi
588 1893 824 1937 litterarum
862 1894 906 1936 in
945 1909 1041 1951 ειρα
1079 1895 1322 1938 mutaretur.
1392 1895 1508 1938 Haec
1538 1895 1739 1938 feminina

196 1964 410 2008 accentum
454 1964 498 2007 in
542 1964 940 2020 antepaenultimam
983 1964 1191 2008 retrahere
1234 1964 1377 2009 solent.
1448 1965 1511 2008 Ex
1552 1965 1739 2021 proxima

196 2033 400 2077 vocalium
432 2049 459 2090 η
490 2034 533 2076 et
562 2049 595 2075 ω
627 2032 830 2076 affinitate
862 2034 1052 2089 apparet,
1090 2034 1223 2089 prisco
1254 2034 1438 2089 tempore
1477 2034 1522 2077 in
1559 2034 1625 2078 his
1662 2047 1738 2078 no-

196 2102 378 2147 minibus
408 2118 437 2145 α
465 2116 537 2159 pro
567 2118 590 2145 ε
611 2102 835 2155 exstitisse3
868 2116 915 2146 ac
935 2104 1114 2159 profecto
1136 2103 1303 2159 quidem
1324 2104 1449 2160 stirps
1470 2120 1588 2161 φραν
1609 2106 1737 2149 etiam

196 2187 305 2218 nunc
349 2186 397 2216 ex
436 2172 574 2217 dativo
613 2173 764 2217 aeolico
802 2175 941 2229 φρασί
975 2174 1017 2217 et
1054 2174 1177 2217 verbo
1215 2171 1436 2231 εὐφραίνου
1456 2192 1496 2213 =
1512 2172 1736 2232 εὐφρανιω

196 2243 384 2300 cognosci
400 2243 509 2287 licet.
543 2242 878 2287 terminationem
910 2258 962 2300 αρ
984 2256 1079 2287 vero
1101 2245 1149 2287 ut
1168 2244 1441 2297 inveniamus,
1475 2244 1526 2288 ad
1548 2244 1735 2301 linguam

197 2313 441 2357 sanseritam
473 2313 590 2356 nobis
621 2313 914 2357 recurrendum
945 2314 1019 2366 est,
1052 2314 1096 2356 in
1127 2326 1208 2369 qua
1238 2328 1259 2356 r
1289 2314 1442 2358 vocalis
1473 2316 1583 2370 guna.
1615 2315 1736 2358 aucta

172 2384 240 2438 ,in
279 2395 325 2427 ar
362 2383 516 2428 mutari
555 2383 670 2428 solet.
720 2399 772 2442 ηρ
810 2383 1048 2428 terminatio
1087 2384 1286 2440 simplicis
1324 2384 1367 2427 in
1405 2383 1470 2428 his
1502 2384 1738 2440 compositis

196 2454 357 2497 servata
394 2454 458 2497 est
495 2454 597 2503 ὃυς-
605 2454 768 2512 μήτηρ,
806 2454 950 2511 μηλο-
958 2454 1113 2512 βοτήρ,
1145 2453 1443 2513 οἰνο-ποτήρ,
1461 2462 1463 2464 ’
1483 2456 1606 2511 atque
1636 2454 1737 2498 haec

196 2531 355 2580 quoque
394 2523 637 2580 composita,
678 2522 713 2567 si
751 2523 949 2568 feminino
988 2533 1088 2580 opus
1127 2524 1208 2576 est,
1249 2524 1425 2568 formam
1462 2538 1559 2580 ειρα
1598 2524 1736 2580 progi-

194 2594 330 2649 gnunt
359 2593 729 2650 πουλυ-βότειρα.
791 2594 853 2636 Ea
891 2594 1115 2650 composita
1153 2606 1256 2649 quae
1296 2592 1495 2650 simplicis
1534 2592 1735 2636 termina-

194 2662 350 2707 tionem
389 2678 443 2722 ηρ
481 2663 706 2715 retinuere,
747 2676 828 2707 non
858 2664 946 2707 tam
978 2663 1181 2707 adiectiva
1212 2677 1337 2719 quam
1367 2663 1627 2708 substantiva
1658 2677 1737 2721 pu·

196 2733 323 2775 tanda
353 2734 461 2776 sunt.

337 2802 605 2848 substantiva
651 2804 836 2847 neutrius
874 2804 1034 2860 generis
1071 2804 1114 2846 in
1133 2819 1201 2853 -ος
1238 2803 1428 2848 cadentia
1464 2803 1534 2848 ubi
1573 2817 1736 2859 compo-

197 2872 353 2917 nuntur
373 2873 530 2916 exitum
552 2874 601 2931 ής
630 2873 839 2929 praebent.
873 2872 1168 2931 περι-καλλής,
1191 2873 1434 2932 dvc—nimie,
1465 2873 1736 2931 θεο-Εειδής,
