1932 3252
948 176 974 224 3

195 321 359 377 propria
390 320 554 364 notione
584 321 751 364 ornatae
782 321 878 374 sint,
911 322 982 365 sed
1004 321 1267 377 cogitationis
1297 316 1439 362 formis
1460 315 1738 375 exprimendis

194 390 402 446 suppetias
423 390 530 433 eant.
581 388 715 444 Quare
735 389 983 446 praepositio
1015 391 1088 434 aut
1117 402 1200 433 una
1230 391 1302 432 aut
1323 389 1554 445 complures
1578 387 1737 432 (luobus

167 489 170 492 »
194 459 404 503 vocabulis
436 458 532 502 addi
562 461 751 515 possunt:
793 459 1018 514 composita
1049 459 1107 502 sic
1138 459 1315 501 formata
1345 460 1508 501 nostrae
1538 458 1624 514 legi
1654 470 1735 501 non

193 530 436 585 repugnant.
482 530 543 573 Ex
573 529 647 572 illo
685 541 846 584 quoque
884 528 1059 572 duarum
1098 527 1280 583 partium
1322 540 1492 570 numero
1528 527 1739 582 praeclara

196 597 443 642 Graecorum
473 597 701 641 moderatio
722 597 999 653 cognoscitur3
1032 595 1187 639 etenim
1208 595 1397 650 quamvis
1429 595 1573 652 lingua
1593 609 1738 652 graeca

195 680 267 722 per
296 680 339 711 se
377 667 430 710 ad
460 666 686 721 composita
728 665 856 709 etiam
893 665 1077 720 plurium
1116 664 1299 719 partium
1330 664 1545 707 formanda
1577 665 1738 720 egregie

197 736 347 789 valeat,
382 736 499 778 cuius
530 735 590 778 rei
611 735 991 790 praestantissimus
1022 735 1141 778 testis
1172 735 1236 777 est
1255 734 1567 788 Aristophanes,
1597 735 1738 776 tamen

196 805 340 860 poetae
359 805 496 861 graeci
518 805 695 860 exceptis
717 804 884 849 comicis
914 804 1020 848 hanc
1051 804 1387 859 compositionem
1426 804 1640 860 sugerunt,
1689 816 1739 845 ne

197 887 278 918 uno
308 875 505 919 vocabulo
537 874 682 918 ceteris
713 874 838 917 nimis
868 874 1132 929 praevalente
1152 873 1326 928 pulchra
1357 874 1480 928 atque
1511 874 1739 927 aequabilis

197 945 414 987 verborum
446 945 653 988 structura
683 945 1005 1000 perturbaretur.

335 1014 665 1070 Respicientibus
702 1014 833 1069 igitur
863 1014 981 1056 nobis
1012 1013 1216 1056 adiectiva
1248 1013 1473 1067 composita
1505 1025 1577 1066 pro
1609 1012 1738 1055 forma

200 1082 330 1137 partis
360 1082 506 1138 prioris
537 1082 619 1126 tria
647 1095 798 1139 genera
829 1083 1075 1133 offeruntur,
1108 1081 1240 1137 primo
1262 1081 1350 1125 1000
1383 1082 1456 1124 aut
1483 1095 1557 1136 par
1587 1081 1740 1124 ticulae

197 1152 270 1196 aut
299 1153 424 1196 verba
453 1153 526 1196 aut
556 1153 723 1196 nomina
752 1153 885 1208 posita
916 1154 1023 1196 sunt.
1082 1194 1085 1196 ,

325 1271 355 1312 l.
387 1271 441 1312 lle
472 1271 677 1314 adiectivis
709 1272 937 1326 conpositis
970 1284 1077 1324 quae
1110 1284 1132 1312 a
1164 1272 1363 1326 particula
1395 1271 1598 1325 incipient.

343 1361 393 1404 In
423 1362 662 1406 universum
682 1362 811 1418 igitur
832 1362 1058 1406 notandum
1090 1363 1153 1405 est
1172 1362 1408 1417 particula-S,
1441 1363 1645 1417 quantum
1666 1375 1738 1417 pro

191 1431 345 1473 'natura-
375 1430 583 1485 proximae
613 1431 759 1474 literae
791 1432 880 1474 fieri
911 1432 1058 1486 possit,
1091 1432 1198 1474 nihil
1228 1432 1411 1474 mutatas
1443 1431 1640 1474 vocabulo
1672 1444 1737 1474 se-

197 1499 338 1555 quenti
369 1500 550 1557 praefigi.
585 1503 709 1556 atque
740 1515 889 1557 parvus
921 1503 983 1546 est
1023 1515 1218 1545 numerus
1258 1515 1418 1554 earum,
1466 1514 1570 1556 quae
1616 1501 1739 1544 unius

196 1569 319 1612 metri
357 1582 479 1613 causa
518 1571 744 1615 extremam
782 1571 948 1614 literam
988 1571 1195 1614 abiiciant.
1238 1571 1323 1614 iam
1353 1571 1605 1613 mutationes
1636 1584 1738 1625 quas

197 1638 425 1694 particulae
455 1640 498 1683 in
531 1641 612 1684 fine
643 1641 818 1685 subeant
857 1655 929 1696 per
960 1642 1144 1697 singulas
1175 1641 1366 1696 deinceps
1397 1641 1612 1684 adnotabO.
1676 1642 1738 1684 Ac

195 1707 327 1763 primo
358 1709 524 1763 quidem
556 1710 642 1753 1000
664 1723 711 1753 ea
732 1711 954 1766 composita
986 1711 1255 1766 perlustrabo,
1280 1724 1383 1765 quae
1405 1711 1629 1766 palticulas
1658 1723 1738 1753 non

196 1778 445 1832 separabiles
479 1779 683 1823 exhibent.

337 1848 369 1902 ξ.
403 1849 441 1891 3.
506 1846 611 1892 ἄνα-
626 1848 831 1904 particula
869 1850 1081 1905 negativa,
1123 1850 1257 1905 qualis
1295 1850 1339 1892 in
1377 1850 1600 1904 composito
1637 1848 1739 1892 οἰνά-

196 1921 356 1969 Ὲεδνος
384 1918 563 1971 offertur,
596 1932 668 1974 pro
689 1919 820 1963 forma
840 1920 1054 1975 primitiva
1073 1920 1263 1964 habenda
1294 1921 1367 1973 est,
1400 1920 1509 1963 unde
1531 1920 1736 1964 breviores

149 2029 151 2031 ,
196 1988 350 2033 formae
371 1986 447 2030 οἷν-
468 1989 510 2031 et
532 1985 579 2030 α’-
610 1988 918 2031 descenderunt.
967 1989 1139 2032 Servata
1160 1990 1223 2032 est
1243 2002 1291 2032 ea
1311 1990 1515 2044 particula
1536 1990 1662 2032 etiam
1694 1989 1738 2031 in

194 2058 338 2116 lingua
365 2055 575 2101 theodisca
604 2056 675 2101 ubi
713 2070 811 2101 una
849 2057 977 2102 sonat.
1009 2057 1058 2101 cf.
1094 2057 1256 2102 Grimm
1296 2057 1333 2101 d.
1366 2057 1507 2102 Gram.
1548 2058 1602 2111 II,
1637 2061 1734 2102 725.

194 2127 355 2171 Deinde
375 2127 558 2181 tempore
579 2127 822 2181 procedente
852 2125 953 2171 α’να-
974 2127 1018 2169 in
1048 2126 1100 2169 ἄν
1130 2128 1338 2170 curtatum
1370 2129 1433 2170 est
1460 2128 1736 2183 similiterque

194 2196 335 2242 Latini
365 2195 417 2240 in
448 2194 646 2241 Germani
676 2209 741 2240 un
771 2196 949 2254 negandi
980 2210 1102 2241 causa
1122 2197 1332 2241 vocabulis
1353 2197 1598 2255 praefigunt.
1653 2197 1733 2242 Sed

196 2280 290 2311 cum
322 2265 376 2310 ἄν
406 2267 695 2311 tantummodo
732 2269 828 2311 ante
858 2268 1020 2311 vocales
1056 2269 1151 2323 poni
1182 2269 1331 2323 posset,
1365 2268 1437 2311 ubi
1468 2270 1736 2311 consonantes

194 2337 442 2393 sequuntur,
475 2352 501 2380 ν
532 2336 655 2381 litera
686 2338 759 2382 aut
788 2338 996 2394 proximae
1028 2338 1174 2383 literae
1205 2338 1448 2383 assimulata
1478 2340 1550 2382 aut
1571 2339 1737 2383 omnino

195 2407 397 2450 exstincta
426 2407 507 2449 est:
541 2404 767 2463 ἄν-ήνωρ,
799 2405 1034 2460 α’ν-ἑστιος,
1067 2408 1262 2462 ἄμμορος
1283 2406 1358 2461 (ἄν
1390 2413 1432 2457 -1-
1464 2409 1628 2462 μορος),
1661 2409 1735 2451 ἄλ-

195 2475 349 2533 ληκτος
370 2473 443 2527 (ἄν
474 2480 517 2526 -Ι-
548 2476 734 2533 ληκτος),
767 2473 963 2534 ἅ-Ὲαγής.
1016 2477 1065 2519 In
1097 2477 1332 2531 compositis
1365 2474 1597 2530 ἀθάνατος,
1631 2475 1735 2521 (ἱκά-

194 2560 343 2601 ματος,
375 2542 587 2601 ἀνέφελος
615 2543 644 2588 α’
676 2546 928 2603 στερητικόν
957 2546 1064 2601 quod
1095 2547 1264 2590 vocatur
1285 2546 1427 2589 eadem
1460 2546 1736 2591 alliteratione

195 2615 439 2670 productum
470 2627 577 2668 esse,
619 2615 694 2659 Th.
729 2615 868 2672 Bergk
904 2616 1142 2672 praeceptor
1177 2616 1471 2660 dilectissimus
1509 2630 1575 2660 me
1609 2631 1738 2673 nuper

195 2684 346 2729 docuit.
386 2684 487 2729 olim
528 2685 685 2740 primae
724 2686 991 2730 consonantes
1028 2686 1262 2741 geminatae
1302 2687 1594 2741 pronunciatae
1626 2689 1734 2731 sunt.

194 2754 418 2809 posteriore
438 2767 534 2797 vero
554 2755 738 2810 tempore
759 2755 1019 2798 consonantis
1049 2755 1283 2811 geminatae
1314 2756 1402 2799 loco
1435 2771 1461 2799 α
1493 2757 1737 2799 antecedens

194 2823 440 2878 productum
472 2824 545 2867 est.
610 2824 659 2866 In
689 2822 928 2867 universum
967 2824 1048 2867 dici
1079 2824 1236 2879 potest,
1269 2841 1294 2868 ν
1326 2825 1513 2876 literam,
1547 2825 1618 2867 ubi
1649 2839 1738 2869 me-

193 2893 313 2951 trumv
337 2892 588 2949 dactylicum
619 2892 817 2949 postulet,
851 2893 1038 2949 sequenti
1071 2893 1216 2938 literae
1255 2894 1549 2945 assimilatam,
1589 2895 1632 2937 in
1671 2910 1737 2939 ce-

194 2961 294 3005 teris
325 2975 420 3007 vero
450 2963 685 3019 compositis
715 2963 920 3007 abiectam
950 2977 1048 3007 esse.

1601 3045 1646 3082 1-1(-
