1932 3252
951 111 1018 164 130

210 250 344 305 posita
376 250 428 294 ad
459 251 626 294 nomina
656 253 803 309 μῆκος,
834 252 1013 309 μακρός,
1044 252 1257 311 μηκεὸνός
1287 252 1513 306 revocanda
1534 265 1621 314 esse
1642 254 1757 310 quis-

211 332 291 376 que
322 320 447 374 videt,
481 320 552 364 sed
583 333 786 378 paragoge
809 324 1015 371 extremae
1047 321 1176 378 partis
1208 321 1257 374 ei,
1292 322 1363 378 qui
1392 321 1656 368 formationes
1686 336 1757 367 ex-

209 390 439 446 plicaturus
472 392 546 444 est,
580 391 765 448 aliquam
797 392 1090 437 difficultatem
1120 392 1301 449 praebet.
1335 408 1431 444 ετος
1451 393 1556 438 mihi
1575 392 1756 438 indicare

198 460 394 514 videtur,
434 461 535 505 haec
567 462 771 506 adiectiva
801 476 825 506 a
856 464 979 506 verbo
1010 462 1142 519 prisco
1181 462 1247 506 cui
1278 461 1402 518 stirps
1439 479 1528 522 μηκ
1565 465 1632 508 vel
1668 479 1756 520 μακ

210 530 338 574 fuerit
368 530 645 586 descendisse,
687 532 940 588 eandemque
979 533 1180 590 originem
1220 532 1348 577 etiam
1386 533 1655 594 reduplicatio
1693 533 1756 579 al-

208 601 338 645 terius
369 603 571 657 vocabuli,
605 616 709 658 quae
742 603 854 646 omni
886 616 933 647 ex
964 605 1081 659 parte
1121 603 1438 659 reduplicationi
1476 606 1755 656 παιπαλ-,ϊθ-

210 671 403 726 spondet,
437 672 616 716 denota-t

253 790 290 831 3.
322 791 375 832 ne
407 791 613 834 adieetivis
645 792 872 845 conpositis
906 804 1007 845 quae
1039 793 1079 833 in
1110 793 1280 834 formam
1312 793 1515 835 verbalem
1548 798 1700 836 exeunt.

326 883 356 937 ξ.
385 884 449 926 16.
484 882 706 927 Adiectiva
722 883 949 940 composita
964 897 1139 941 quorum
1154 897 1248 941 pars
1265 884 1463 941 posterior
1475 885 1646 929 verbum
1659 899 1753 930 con-

205 953 325 1006 tinet,
347 953 500 997 miram
521 953 816 997 formationum
838 955 1082 998 varietatem
1105 955 1324 1010 praebent,
1348 968 1443 998 cum
1464 954 1614 998 suffixa
1633 956 1754 1015 stirpi

205 1023 364 1066 verbali
396 1023 553 1066 adnexa
583 1036 656 1079 pro
687 1024 888 1080 singulari
918 1024 1236 1080 compositorum
1257 1024 1556 1080 significatione
1577 1025 1750 1069 varient.

205 1093 348 1135 Primo
379 1092 468 1135 loco
499 1105 547 1135 ea
578 1093 804 1148 composita
834 1094 1126 1147 tractabimus,
1161 1106 1265 1149 quae
1296 1095 1515 1137 verborum
1545 1094 1752 1138 radicibus

205 1162 400 1205 suffixum
422 1178 470 1212 ος
491 1162 668 1215 addunt;
701 1176 781 1219 qua
803 1164 846 1206 in
868 1163 1112 1208 formatione
1134 1163 1291 1208 radices
1316 1164 1481 1208 easdem
1502 1164 1751 1208 mutationes
1805 1171 1812 1178 '

204 1232 395 1284 subeunt,
429 1245 530 1287 quas
561 1233 604 1275 in
635 1233 908 1278 substantivis
930 1233 1114 1278 eiusdem
1142 1234 1313 1291 originis
1334 1235 1627 1290 cognoscimus.
1660 1234 1751 1278 ideo

204 1316 226 1344 ε
256 1301 410 1359 ubique
431 1304 474 1346 et
493 1302 703 1348 interdum
724 1303 852 1349 etiam
875 1319 901 1348 α
923 1304 966 1347 in
988 1321 1012 1348 ο
1043 1304 1270 1348 transeunt.
1296 1303 1554 1361 ἐπεσ-βόλος
1573 1304 1752 1361 (βάλλω,

204 1373 348 1430 βολή),
378 1374 679 1431 βουλη-φόρος
701 1378 853 1431 (φέρω,
875 1375 1043 1430 φόρος),
1065 1373 1277 1428 αἰγί-οχος
1298 1375 1414 1429 (ἔχω,
1437 1374 1569 1428 ὄχος),
1595 1374 1751 1417 παλίν-

205 1457 332 1492 τονος
362 1443 507 1494 (telvm
542 1461 583 1481 =
617 1443 763 1499 rsvjoe,
797 1444 960 1497 τόνος),
994 1441 1296 1500 α’μφί-δρυφος
1326 1444 1579 1501 (δρύπ-τω),
1618 1443 1751 1487 ἱππό-

204 1512 340 1566 δαμος
362 1513 571 1567 (δαμ-άω,
594 1512 817 1570 ἐδά-μην),
840 1513 1134 1562 σακέσ-παλος
1154 1513 1562 1570 (πάλλωεπαλῇω),
1595 1511 1751 1570 ἄνδρα·

203 1582 342 1637 φόνος
371 1582 602 1638 (φον-εύω,
634 1583 785 1641 φονή),
816 1583 1059 1633 adv-acam
1090 1582 1277 1636 (αἵθ-ω),
1309 1581 1501 1633 ἷο-δόκος
1532 1582 1750 1639 (δέχομαι)

205 1652 299 1697 alia.
364 1653 458 1696 Huc
490 1653 617 1697 etiam
648 1652 849 1710 ἰόμωρος,
881 1653 1181 1709 ἑγχεσίμωρος,
1211 1651 1492 1710 ὑλακόμωρος
1520 1652 1748 1705 referimus,

203 1736 308 1779 quae
339 1723 565 1779 composita
595 1723 735 1767 nostra
766 1736 814 1767 ex
845 1723 1050 1767 sententia
1071 1722 1246 1768 formam
1277 1739 1421 1780 μωρος
1441 1737 1466 1766 a
1495 1723 1619 1767 verbo
1639 1723 1750 1780 μάρ-

206 1796 369 1838 νασθαι
417 1793 636 1838 duxerunt.
685 1809 712 1837 ν
750 1793 918 1837 literam
957 1793 1256 1850 coniugationis
1294 1794 1460 1851 signum
1498 1806 1604 1847 esse,
1643 1792 1749 1849 quod

201 1864 245 1907 in
276 1864 567 1920 componendis
598 1864 810 1908 vocabulis
831 1864 922 1907 eiici
954 1863 1142 1916 debebat,
1176 1877 1296 1907 nemo
1326 1864 1497 1908 fortasse
1524 1864 1747 1920 negaverit.

201 1949 289 1992 μαρ
321 1934 446 1990 stirps
478 1946 574 1978 vero
589 1933 758 1991 ⁴vocalis
790 1949 818 1977 α
848 1933 1090 1990 gradatione
1122 1933 1321 1977 facillime
1352 1934 1396 1977 in
1427 1950 1460 1975 ω
1492 1933 1645 1977 mutari
1677 1945 1744 1989 po-

200 2005 320 2048 terat.
385 2004 491 2048 Cum
522 2004 684 2048 Benfeii
716 2017 763 2047 ex
796 2004 994 2047 doctrina
1011 2003 1146 2060 prisca
1166 2003 1289 2047 huius
1311 2003 1452 2059 stirpis
1482 2003 1615 2047 forma
1633 2004 1747 2060 μαρό

200 2076 320 2127 esset,
354 2074 461 2118 nihil
482 2074 795 2131 dubitomostro
827 2087 921 2117 cum
952 2073 1076 2117 verbo
1108 2073 1235 2117 etiam
1266 2085 1415 2117 nomen
1436 2072 1614 2117 latinum
1635 2073 1749 2122 Mars

199 2144 362 2198 Martis,
395 2145 561 2188 Mavors
597 2144 810 2196 Mavortis,
838 2143 1235 2198 Mamersssconferre.
1260 2156 1335 2186 avo
1356 2142 1462 2187 mihi
1483 2141 1747 2198 productione

200 2214 354 2258 vocalis
387 2229 414 2257 α
453 2215 610 2258 factum
649 2213 824 2257 videtur.
887 2213 1071 2256 Mamers
1113 2211 1288 2268 denique
1331 2224 1434 2267 quae
1476 2211 1608 2255 forma
1645 2211 1747 2256 Osca

199 2284 326 2329 fuisse
357 2284 549 2339 traditur,
582 2283 907 2340 reduplicatione
938 2282 1079 2338 stirpis
1109 2295 1201 2326 mar
1231 2282 1340 2326 facta
1372 2282 1444 2325 est.
1508 2281 1745 2326 Novissimo

196 2354 285 2399 loco
337 2355 610 2412 compositum
663 2352 952 2410 α’μφιέλισσος
995 2353 1136 2407 restat,
1190 2352 1298 2408 quod
1348 2365 1420 2408 pro
1465 2351 1602 2398 radice
1648 2352 1742 2397 ἑλικ

197 2426 427 2482 praesentis
457 2425 630 2482 stirpem
662 2425 787 2469 ἑλισσ
814 2424 995 2481 praebet.
1067 2423 1228 2467 Deinde
1266 2423 1366 2467 haec
1405 2423 1630 2479 composita
1663 2436 1744 2479 pro

198 2497 369 2539 accentu
416 2495 537 2538 valde
583 2495 691 2539 inter
736 2508 778 2538 se
825 2494 1072 2549 discrepant,
1120 2506 1193 2537 nec
1239 2506 1362 2537 causa
1407 2493 1511 2536 varii
1549 2495 1741 2537 accentus

199 2578 360 2622 semper
406 2565 515 2609 clare
561 2563 737 2621 perspici
789 2565 935 2620 potest.
1013 2563 1214 2607 Attamen
1265 2562 1377 2619 leges
1429 2576 1532 2618 quae
1582 2563 1626 2606 in
1676 2575 1741 2606 ac-

197 2638 320 2679 centu
350 2635 538 2692 ponendo
569 2635 749 2679 valuisse
780 2634 898 2679 nobis
931 2633 1042 2677 visae
1073 2634 1189 2686 sunt,
1231 2633 1379 2676 leviter
1410 2632 1743 2677 circumscribere

196 2705 448 2750 conabimur.
520 2705 696 2749 Initium
741 2717 836 2748 vero
882 2703 1000 2748 nobis
1045 2702 1279 2746 faciendum
1317 2704 1381 2746 est
1410 2716 1435 2746 a
1465 2702 1738 2759 paroxytonis.

197 2775 457 2832 Paroxytona
503 2789 551 2820 ea
598 2774 825 2831 composita
870 2775 979 2826 sunt,
1030 2785 1203 2828 quorum
1251 2773 1376 2817 verba
1417 2772 1543 2817 etiam
1581 2772 1743 2830 passive

194 2847 377 2903 intelligi
430 2848 615 2903 possent,
674 2846 753 2889 nisi
801 2846 970 2890 accentu
1025 2844 1161 2888 activa
1213 2843 1325 2888 notio
1385 2843 1493 2888 clare
1556 2842 1738 2889 indicata

195 2917 321 2971 esset,
361 2918 458 2960 sunt
495 2918 635 2960 autem
674 2916 795 2960 haec:
841 2915 1071 2973 ἑκηβόλος,
1117 2914 1401 2972 ἑκατηβόλος,
1448 2912 1737 2969 ἐλαφηβόλος,
