1932 3252
932 81 990 148 2⁵2

177 245 279 289 calis
321 261 345 288 o
398 244 612 301 productio
657 257 738 287 non
784 243 864 288 sibi
909 244 1142 289 constitisse
1179 245 1363 300 videtur,
1417 259 1512 290 cum
1564 239 1727 302 saepius

178 316 307 358 etiam
338 331 363 357 o
395 314 736 369 deprehendatur.
797 313 925 357 Hlam
955 313 1130 357 ablativi
1150 306 1329 362 formam
1358 316 1403 358 in
1434 332 1494 358 ωτ
1513 310 1729 360 cadentem

180 385 308 428 etiam
338 397 449 428 nunc
480 383 677 433 adverbia
706 384 749 426 in
782 400 838 435 ως
867 385 1104 435 servarunt3
1141 384 1202 428 ibi
1232 385 1344 428 enim
1384 403 1410 429 τ
1437 386 1591 440 littera,
1625 399 1729 442 quae

178 455 222 497 in
263 454 376 496 exitu
413 454 583 497 tolerari
621 467 701 496 non
740 455 897 509 posset,
936 454 981 496 in
1019 470 1039 503 ς
1076 454 1239 497 mutata
1278 454 1341 497 est
1377 457 1539 510 κακῶς,
1576 455 1727 506 καλῶς.

179 524 309 567 Porro
349 524 551 567 nonnulla
588 523 787 567 vocabula
825 522 868 566 in
907 524 1047 573 δαπος
1086 522 1278 567 exeuntia
1314 522 1383 567 hic
1420 524 1731 569 commemorari

179 592 351 644 debent,
392 605 497 647 quae
528 606 576 635 ex
607 591 792 635 ablativo
823 592 865 635 et
895 592 1196 647 praepositione
1237 590 1325 635 α’πό
1363 593 1591 648 postposita
1631 607 1727 637 con—
1782 593 1790 600 '

182 662 326 705 iuncta
357 675 444 706 esse
475 661 641 705 Pettius
681 660 841 718 primus
879 661 1029 705 docuit.
1075 661 1258 717 speciosa
1294 662 1475 718 profecto
1508 654 1731 724 ‘explicatio

180 734 222 775 et
253 745 357 788 quae
389 746 484 775 cum
514 732 680 775 notione
701 731 995 776 vocabulorum
1017 731 1173 788 optime
1194 731 1399 789 congruit.
1444 733 1495 776 In
1514 726 1581 776 his
1601 732 1730 789 igitur

182 802 419 858 compositis
435 802 663 846 tsuffixum
679 802 790 846 inter
806 802 909 846 duas
926 801 1088 846 vocales
1103 801 1286 858 positum
1299 802 1344 846 in
1360 803 1387 847 d
1404 803 1582 857 transiit,
1606 803 1729 859 atque

179 871 614 923 deindegnominativi
630 872 777 917 suffixo
793 872 934 917 addito
951 872 1055 916 duae
1071 872 1170 917 illae
1185 873 1323 929 partes
1343 873 1387 917 in
1408 886 1538 917 unum
1559 870 1733 918 vocabu-

179 944 270 986 lum
299 943 495 986 coierunt.
544 943 636 985 Iam
667 943 951 986 Buttmannus
982 955 1142 999 quoque
1172 942 1353 999 Lexilog.
1387 943 1408 985 I
1438 957 1477 998 p.
1515 944 1734 987 126-hanc

183 1013 522 1069 compositionem
543 1014 825 1069 perspexerat,
849 1025 981 1069 neque
1003 1025 1098 1056 vero
1118 1012 1154 1056 is
1176 1025 1343 1056 causam
1363 1011 1596 1069 interpositi
1620 1012 1646 1057 δ
1665 1012 1731 1056 in-

180 1084 371 1139 telligere
392 1083 565 1138 poterat.
589 1082 715 1137 Apud
735 1082 968 1126 Homerum
996 1082 1098 1125 haec
1126 1082 1353 1138 composita
1371 1082 1624 1129 invenimus:
1657 1080 1732 1125 α’λ-

181 1152 410 1205 aedano-g,
441 1151 784 1205 παντοδ-από-ς,
816 1150 1116 1209 τηλεδ-από-ς.
1150 1152 1373 1208 eodemque
1396 1144 1517 1207 modo
1548 1144 1732 1207 ἔχθῡδο-

181 1223 265 1272 πός
298 1240 339 1260 =
368 1220 731 1276 Ἐχθοδ-από-ς,
764 1219 1079 1278 ἡμεδ-από-ς,
1119 1220 1432 1276 ὑμεδ-από-ς,
1464 1221 1652 1271 ἕνδαπός
1689 1240 1728 1259 =

179 1290 525 1348 Ἑν(δο)ὃ-απος.
558 1290 736 1335 formata
766 1291 873 1334 sunt.
936 1291 1050 1334 Dum
1081 1290 1255 1335 ablativi
1291 1291 1487 1335 suffixum
1517 1292 1536 1335 t
1565 1304 1731 1347 praece-

182 1362 306 1405 dente
337 1360 470 1404 vocali
501 1360 626 1416 longa
656 1360 809 1417 ubique
840 1361 1051 1404 servatum
1090 1361 1172 1413 est,
1213 1362 1306 1417 post
1343 1361 1510 1405 brevem
1548 1362 1732 1405 vocalem

181 1432 303 1476 facile
343 1443 583 1475 evanescere
620 1430 767 1486 potuit.
833 1429 969 1484 Quare
1010 1444 1104 1475 cum
1140 1431 1311 1475 Benfeio
1349 1432 1477 1476 etiam
1515 1432 1614 1489 τῆλε
1652 1432 1733 1475 huc

181 1502 331 1551 refero;
365 1501 589 1556 eodemque
620 1501 741 1544 modo
774 1499 898 1555 α’γχε-
928 1501 972 1543 in
1005 1489 1282 1556 α’)’νχέ-μαχος
1312 1501 1602 1558 explicandum
1628 1501 1733 1545 mihi

175 1572 312 1615 visum
343 1571 417 1615 est.
450 1571 593 1614 Unum
625 1570 877 1614 adiectivum
908 1568 1266 1628 ἄλλοπρόσαλλος
1295 1571 1443 1624 restat,
1476 1571 1584 1627 quod
1616 1584 1727 1614 com-

180 1642 363 1697 positum
401 1640 545 1683 statim
592 1654 639 1683 ex
684 1639 984 1696 praepositione
1028 1640 1139 1697 πρός
1182 1640 1292 1684 inter
1335 1640 1560 1696 repetitum
1605 1639 1735 1690 ἄλλος

181 1710 315 1766 posita
347 1709 629 1753 adulterinum
661 1723 748 1754 esse
779 1709 1049 1766 cognoscitur.
1108 1709 1244 1764 Quare
1266 1710 1310 1754 in
1330 1710 1464 1767 priore
1486 1707 1595 1755 ἄλλο
1617 1722 1735 1755 casus

182 1781 333 1836 aliquis
365 1781 495 1824 lateat
533 1793 697 1823 necesse
736 1781 817 1830 est3
864 1780 935 1823 sed
973 1793 1078 1835 quae
1116 1780 1248 1823 forma
1286 1780 1355 1824 hic
1385 1780 1486 1824 olim
1517 1780 1733 1832 exstiterit,

189 1851 360 1894 difficile
406 1852 469 1895 est
521 1850 759 1902 intellectu,
808 1863 902 1893 eum
941 1851 984 1893 et
1022 1850 1158 1894 ἄλλου
1205 1852 1247 1894 et
1285 1848 1412 1894 ἄλλοι
1458 1852 1500 1894 et
1529 1850 1735 1895 ablativus

185 1920 329 1963 α’λλοτ
358 1922 400 1963 in
434 1920 543 1964 ἄλλο
584 1920 795 1964 debilitari
835 1920 1026 1976 potuerit.
1077 1920 1284 1976 significat
1321 1933 1416 1964 vero
1446 1921 1627 1964 Martem
1660 1920 1738 1963 ἄλ-

181 1990 281 2034 λοτε
313 1990 422 2047 πρός
454 1989 590 2033 ἄλλον
622 2003 664 2033 se
695 1990 939 2033 vertentem.
1276 1982 1282 1987 ’
1442 2042 1444 2044 ,

326 2061 356 2114 §.
397 2062 462 2103 10.
527 2059 711 2102 Nomina
757 2061 799 2102 et
843 2061 968 2103 verba
1014 2072 1117 2115 quae
1162 2060 1287 2115 priori
1331 2060 1440 2115 parti
1485 2061 1735 2104 subnectun-

180 2132 249 2173 tur
300 2130 411 2172 haud
458 2142 550 2172 raro
598 2129 641 2172 in
689 2129 823 2185 capite
876 2129 1028 2173 vocalis
1078 2129 1319 2186 gradatione
1365 2128 1622 2183 afficiuntur,
1675 2130 1735 2174 ita

183 2202 231 2242 ut
278 2216 305 2242 α
351 2200 394 2242 in
445 2216 490 2257 η,
537 2216 561 2241 0
609 2199 652 2241 in
691 2216 746 2252 ω,
794 2214 815 2240 ε
854 2200 897 2242 in
944 2216 970 2257 η
1017 2199 1084 2242 vel
1114 2214 1155 2242 ει
1194 2199 1480 2242 immutentur.
1529 2199 1734 2255 imprimis

181 2270 317 2313 multa
371 2269 569 2313 vocabula
617 2269 801 2313 vocalem
849 2283 869 2311 a
919 2281 995 2324 qua
1044 2269 1249 2325 incipiunt
1294 2269 1351 2312 ita
1400 2270 1563 2313 auctam
1614 2282 1732 2325 prae-

177 2340 287 2382 bent.
330 2342 427 2382 sunt
465 2341 605 2382 autem
648 2339 768 2382 haec:
817 2338 988 2394 ἄνεμος.
1035 2340 1343 2397 ποδ-ήνεμοςς
1382 2336 1476 2397 α’κή.
1523 2336 1728 2397 εὕ-ήκης,

184 2409 455 2466 ἰανυ-ήκῃς,
495 2409 770 2466 πυρι-ήκηςς
809 2410 1005 2466 ἔρετμον.
1046 2408 1344 2466 ἐπ-ῄρετμος,
1375 2407 1752 2466 ὃολιχ-ήρετμος,

184 2479 503 2535 φιλ-ήρετμοςς
534 2477 691 2532 ὄνομα.
727 2479 938 2533 νώνυμος,
970 2477 1216 2533 ἐπώνυμοςς
1248 2476 1365 2528 ὄνυξ.
1389 2479 1551 2532 μῶνυξ,
1583 2485 1733 2536 γαμψ-

183 2549 323 2599 ῶνυξ,·
354 2547 455 2601 ἄγω.
487 2550 785 2605 κυν-ηγὲτηςς
817 2545 1014 2602 ἄλγείνω.
1038 2547 1333 2605 δυσ-ηλεγήςς
1355 2544 1532 2603 ἀμείβω.
1556 2548 1731 2605 ἐξημοι-

181 2617 272 2671 βός,
304 2616 571 2674 ἐπημοιβόςς
602 2615 706 2673 ἄρα).
739 2615 943 2675 ἐπίηρος,·
975 2614 1104 2673 ἄρόω.
1130 2614 1400 2674 οἷν-ήροτος,·
1431 2617 1602 2672 ἔραμαι.
1626 2616 1733 2674 ἐπή-

182 2701 336 2742 (mog,-
368 2686 521 2742 ἕρὲφω-
556 2684 868 2745 ἅμφ-’ῑρεφής,
901 2685 1171 2744 &rr-vosone,
1201 2686 1504 2745 nav-newis,
1535 2684 1734 2744 vlu-²20⁸-

183 2756 282 2813 φής,
305 2753 578 2814 ύψ-ερεφήςς
597 2755 955 2814 Ὲνεκ(ἤνεγκον).
988 2757 1309 2815 κεντρ-ηνεκής,
1331 2757 1607 2815 ποδ-ηνεκής.
1639 2754 1735 2800 ’ma

180 2826 370 2882 (ἐλαύνω
392 2843 431 2864 =
450 2825 527 2869 ἐλα
549 2832 592 2877 -Ι-
615 2841 667 2869 νυ
690 2831 733 2877 -ί-
756 2827 821 2884 ω).
855 2826 1157 2885 ἱππ-ήλατοςς
1188 2817 1477 2884 θάλλωωαλ).
1511 2825 1732 2882 ἄμφι-θα-

179 2897 268 2954 λής,
303 2896 567 2953 νεο-θηλής,
607 2897 859 2956 ἒρι-θηλής.
894 2897 976 2949 ὄζω
1009 2897 1116 2952 (οδ).
1148 2890 1371 2955 εὕ-(όδηςς
1410 2895 1587 2954 ὀρύττω.
1634 2912 1734 2940 κατ·
