1932 3252
932 72 990 117 2'6

190 207 475 269 ῆδυ-Ὲεπής,
521 211 858 272 πολυ-βενθής,
904 216 1165 275 πολυ-ηχής
1203 211 1378 276 (ἦχος),
1423 215 1738 276 εὕρυ-σθενής.

190 279 361 334 Proprie
393 280 560 334 quidem
591 282 733 337 stirpis
765 284 893 327 exitui
925 300 968 334 ες
998 301 1018 334 ς
1048 286 1215 341 signum
1245 286 1490 331 nominativi
1511 287 1739 341 personalis

191 348 289 390 addi
326 349 522 402 debebat,
563 353 612 393 ut
648 353 875 407 composita
911 368 1107 409 personae
1145 356 1354 399 notionem
1392 357 1629 407 induerent;
1668 356 1740 399 sed

192 430 286 461 cum
325 434 346 468 ς
381 419 585 474 geminari
624 435 705 465 non
750 425 907 478 posset,
955 425 1108 469 vocalis
1146 425 1390 469 antecedens
1428 426 1626 482 producta
1663 426 1737 469 est.

190 487 268 530 Est
304 487 417 531 enim
454 489 521 532 lex
559 491 835 545 formationi-3,
869 495 918 536 ut
956 494 1130 538 abiectio
1161 495 1421 538 consonantis
1459 494 1739 539 antecedentis

191 557 345 601 vocalis
375 558 641 614 productione
672 564 969 618 compensetur.
1024 564 1168 608 eadem
1199 564 1249 608 de
1280 577 1403 608 causa
1432 558 1536 622 ἦτορ
1556 564 1600 608 in
1629 577 1740 609 com-

193 626 327 682 posito
366 629 656 686 μεγαλ-ήτωρ
695 631 823 675 finem
860 634 1064 688 produxit.
1113 634 1385 689 compositum
1430 634 1742 688 πολύ-δακρυς

192 709 287 740 vero
317 696 425 740 illud
456 698 622 754 signum
653 701 899 759 nominativi
929 703 1157 762 personalis
1182 719 1202 753 ς
1221 703 1389 747 literam
1409 702 1601 754 ostendit,
1635 697 1740 758 quae

192 766 315 821 stirpi
345 779 472 821 purae
504 768 688 811 subnexa
720 771 792 813 est.
828 786 877 828 ης
915 772 1049 815 exitus
1088 772 1385 816 adiectivorum
1423 770 1740 827 compositorum

191 848 321 891 paene
351 836 505 892 ubique
536 836 622 880 ictu
653 851 869 893 percussus
886 840 973 885 ‘est
1016 854 1219 898 perpauca
1249 842 1449 887 vocabula
1485 840 1621 885 nesc'io
1659 854 1741 897 qua

190 918 316 949 causa
353 906 405 949 ab
444 906 521 950 hac
559 906 650 963 lege
690 909 923 954 abhorrent.
964 913 1260 969 περι-μήκης,
1292 909 1491 969 οἷ-έτης,
1523 915 1739 969 τρι-ε’της,

192 975 458 1032 τανα-ήκης,
492 978 757 1035 τανυ-ήκης,
787 982 1078 1039 μεγα-κήτης,
1100 981 1335 1039 λυσσώδης.
1375 980 1557 1025 Nomina
1577 981 1741 1037 propria

192 1058 288 1088 vero
319 1045 443 1088 huius
474 1046 732 1091 formationis
769 1050 906 1093 omnia
937 1051 1188 1106 paroxytona
1219 1052 1327 1094 sunt.
1390 1049 1740 1107 Μεγα-πὲνθης,

191 1116 543 1172 Μεγα-σθένης,
590 1116 916 1176 Πολυ-θὲρσης
961 1120 1136 1177 (θὲρσος
1182 1119 1383 1164 aeolicum
1428 1133 1501 1175 pro
1544 1120 1740 1176 θάρσος).

200 1185 253 1230 ab
289 1185 549 1229 substantivo
594 1188 782 1232 neutrius
827 1190 989 1246 generis
1035 1190 1307 1234 intermortuo
1346 1187 1474 1247 ἄργος
1511 1188 1738 1245 (splendor,

192 1255 291 1309 lux)
323 1255 595 1311 compositum
627 1257 842 1316 ἐν-αργής
878 1259 1107 1311 descendit,
1142 1260 1248 1316 quod
1288 1261 1483 1304 neutrum
1521 1259 1648 1303 etiam
1688 1272 1735 1302 ex

191 1324 415 1381 composito
447 1322 736 1384 ἀργεϊφόντης
766 1329 953 1385 cognosci
985 1330 1131 1385 potest.

335 1393 606 1439 Substantiva
635 1397 824 1441 neutrius
853 1399 1016 1454 generis
1047 1400 1090 1442 in
1121 1415 1196 1454 μα,
1236 1414 1371 1454 ματος
1408 1400 1597 1443 cadentia
1633 1399 1743 1441 hunc

195 1465 353 1508 exitum
383 1464 426 1507 in
450 1479 567 1518 μων,
598 1481 734 1520 μονος
755 1469 1024 1512 commutant.
1059 1469 1372 1524 πολυ-πάμων
1409 1470 1573 1525 (πᾶμα)
1603 1469 1740 1512 πολυ-

190 1535 366 1592 κτήμων
398 1532 576 1591 (κτῆμα)
609 1533 832 1594 ἅ-πήμων
865 1539 1024 1595 (πῆμα)
1048 1537 1275 1593 σι’-πείρων
1308 1544 1475 1596 (πεῖρα)
1508 1537 1742 1593 α’ν-αίμων

192 1596 337 1660 (αἷμα)
366 1601 677 1659 Ἀνδρ-αίμων,
709 1609 990 1663 κακο-είμων
1021 1601 1157 1665 (εἷμα)
1191 1607 1439 1664 α’ν-είμων,
1471 1609 1741 1665 φιλο-παίγ-

190 1689 287 1728 μων
318 1672 535 1728 (παῖγμᾳ).
598 1676 787 1720 Profecto
819 1678 986 1732 quidem
1024 1679 1207 1733 primum
1246 1678 1521 1734 suspicionem
1558 1679 1742 1722 nostram

194 1755 360 1787 movere
390 1744 538 1798 potest,
572 1745 679 1800 quod
711 1746 1022 1790 terminationes
1044 1748 1154 1800 illae,
1188 1761 1362 1803 quarum
1393 1748 1525 1791 altera
1543 1748 1587 1791 in
1608 1763 1744 1802 ματος

193 1813 327 1857 altera
357 1812 401 1855 in
422 1830 558 1869 μονος
589 1814 834 1868 deflectitur,
867 1817 1054 1872 proxima
1075 1818 1316 1873 cognatione
1338 1818 1579 1862 coniunctae
1601 1818 1743 1873 appel-

193 1883 353 1934 lentur;
386 1884 457 1927 sed
488 1897 634 1928 revera
665 1898 732 1929 eas
771 1899 920 1942 genere
958 1888 1124 1930 tantum
1164 1887 1393 1943 discrepare
1431 1888 1563 1932 latina
1600 1887 1744 1944 lingua

193 1959 346 2002 auxilio
377 1956 522 2002 vocata
552 1956 695 1999 statim
729 1958 844 2000 extra
875 1957 1177 2001 dubitationem
1199 1957 1376 2013 ponitur.
1429 1956 1622 2014 Namque
1644 1958 1742 2001 sub-

192 2019 385 2072 stantivis
428 2025 585 2082 graecis
616 2026 658 2068 in
691 2042 766 2081 μα,
797 2043 933 2081 ματος
964 2028 1208 2071 exeuntibus
1239 2040 1357 2071 voces
1386 2028 1538 2071 latinas
1558 2027 1602 2070 in
1632 2041 1743 2071 men

192 2098 346 2143 minis
377 2096 621 2152 respondere
643 2098 686 2140 et
717 2110 764 2140 ex
787 2097 962 2154 singulis
985 2098 1196 2141 vocabulis
1218 2097 1378 2153 (ὄνομα
1398 2116 1437 2135 =
1456 2101 1623 2149 nomen)
1646 2109 1742 2153 cog-

192 2169 395 2220 noscitur,
444 2169 486 2210 et
530 2167 804 2223 grammatica
843 2168 1121 2223 comparativa
1162 2168 1489 2211 demonstiatum
1521 2168 1602 2217 est3
1634 2166 1742 2209 unde

193 2240 365 2295 stirpem
397 2237 655 2293 primitivam
687 2250 729 2279 m
744 2239 833 2280 ant
863 2237 989 2281 fuisse
1020 2239 1208 2293 apparet,
1250 2251 1297 2281 ex
1329 2251 1411 2292 qua
1439 2237 1583 2292 lingua
1613 2236 1745 2279 latina

194 2309 426 2365 graviorem
449 2306 625 2349 formam
657 2319 788 2358 men,
822 2302 969 2359 minis‚'
992 2319 1139 2362 graeca
1160 2307 1357 2350 leviorem
1378 2321 1461 2360 μα,
1491 2321 1627 2360 ματος
1662 2305 1739 2348 sibi

193 2378 444 2435 peculiarem
476 2376 615 2432 elegit.
659 2375 855 2419 suffixum
886 2377 1025 2419 mant
1064 2376 1192 2420 etiam
1222 2389 1332 2420 nunc
1363 2389 1410 2419 ex
1441 2376 1494 2419 iis
1514 2374 1746 2432 substanti-¹

192 2448 255 2490 vis
294 2446 572 2502 cognoscitur,
615 2458 719 2499 quae
759 2446 1095 2488 terminationem
1134 2460 1230 2490 men
1269 2459 1292 2489 o
1336 2445 1468 2489 vocali
1515 2445 1657 2488 addita
1702 2445 1744 2487 in

194 2517 383 2561 mentum
404 2514 724 2571 amplificavere,
757 2514 887 2558 veluti
920 2515 1192 2571 tegmentum,
1226 2515 1495 2567 momentum,
1529 2521 1746 2558 ornamen-

195 2589 298 2629 tum.
347 2586 391 2628 in
427 2585 711 2641 personalibus
750 2597 845 2629 vero
884 2586 1154 2629 substantivis
1193 2586 1367 2640 utraque
1398 2585 1542 2640 lingua
1578 2596 1744 2641 gravem

198 2656 375 2699 somnam
424 2654 622 2707 servavit,
671 2654 736 2698 cui
782 2654 841 2698 rei
881 2654 1124 2698 documento
1163 2656 1261 2698 sunt
1298 2654 1464 2699 nomina
1504 2654 1670 2709 δαίμων
1708 2654 1749 2697 et

197 2739 343 2768 sermO-
410 2725 677 2779 Eandemque
717 2726 768 2767 ob
807 2737 973 2768 causam
1013 2725 1140 2768 etiam
1180 2726 1327 2768 neutra
1364 2725 1407 2768 in
1453 2739 1516 2778 μα
1561 2724 1748 2767 cadentia

198 2795 271 2838 ubi
310 2796 613 2850 componuntur
651 2794 988 2838 terminationem
1028 2806 1197 2849 gravem
1237 2793 1407 2837 induere
1453 2793 1622 2844 debent3
1662 2807 1750 2847 μαν

194 2864 437 2910 terminatio
476 2875 591 2914 vero,
635 2876 731 2906 eum
775 2876 804 2906 σ
843 2876 1052 2907 assumere
1091 2876 1170 2906 non
1210 2865 1367 2918 posset,
1410 2862 1561 2906 vocalis
1600 2861 1750 2916 produ-
