1932 3252
942 135 968 178 9

190 278 341 322 valent
389 278 534 333 Itaque
564 277 600 321 si
630 278 815 323 omnium
844 278 1123 323 mutationum
1161 273 1349 329 exempla
1379 270 1727 322 adnotaverimus,

195 349 255 392 rei
284 346 548 406 explicandae
579 349 824 393 satisfecisse
855 347 971 391 nobis
1001 347 1202 390 videmur.

330 415 449 474 α’μφί
473 418 540 476 (in
561 421 732 477 utroque
753 420 885 471 fine),
917 417 1118 462 locativus
1139 414 1300 459 numeri
1321 412 1543 470 singularis
1565 424 1586 455 e
1604 408 1732 464 stirpe

195 486 375 531 ἈΜΦΟ
405 489 532 534 flexus
562 491 643 542 est
682 489 791 533 unde
829 488 956 532 etiam
994 485 1128 530 dualis
1160 483 1290 539 ἄμφω
1333 484 1376 526 et
1411 481 1611 525 locativus
1657 492 1732 523 nu-

200 557 304 601 meri
343 558 516 614 pluralis
561 558 696 615 ἀμφίς
737 578 776 584 -
818 556 983 614 α’μφοις
1025 554 1334 601 descenderunt.
1397 550 1542 608 α’μφί-
1559 554 1729 608 βροτος,

202 624 341 683 ἄμφι·
325 628 589 681 -κύπελλον,
621 625 764 684 α’μφι-
745 627 1000 680 -Εὲλισσος,
1031 622 1156 681 οἷμφ-
1167 623 1348 681 ηρεφής,
1380 619 1519 677 οἷμφι-
1531 621 1731 676 μέλαινα

335 695 453 741 αντὶ
475 699 540 751 (ex
557 697 756 749 adverso).
778 694 1042 753 ἀντιάνειρα,
1062 692 1275 745 αντίθεος,
1292 689 1497 746 α’ντίβιος,
1519 688 1731 740 ἀντάξιος.

332 763 450 820 α’νοί,
483 763 735 820 ανάποινος,
758 764 948 819 ανεκτός,
980 765 1185 821 ἄμβατος,
1207 761 1427 815 ἄνσχετος,
1450 759 1634 807 ἄντιτος.
1668 770 1732 801 se-

194 836 344 891 quente
382 835 617 893 pyrrhichio
654 835 784 893 igitur
815 832 900 880 ἅνα
928 834 973 879 in
1004 831 1059 878 ἄν
1079 832 1278 885 mutatur,
1311 831 1359 874 ut
1389 828 1588 874 vocabula
1618 840 1731 872 com-

194 905 329 960 posita
358 905 494 949 versui
524 905 684 950 heroico
716 905 974 965 adaptentur.

332 972 456 1029 α’πό,
488 973 735 1032 ἀπόβλητος
742 1009 755 1029 ,
787 973 1059 1030 ἄποθύμιος,
1082 972 1309 1031 οἷπηλεγής,
1343 969 1731 1028 α’φαμαρτοἘεπής.

331 1044 357 1087 ὃ
365 1060 382 1087 ι
395 1044 441 1096 οἰ,
475 1045 769 1101 διαμέτρητος,
801 1045 1012 1102 διηνεκής,
1046 1044 1282 1099 διάκτορος.

331 1113 405 1166 ἐκ,
438 1115 632 1169 ἔκγονος,
665 1114 900 1173 ἐκπρεπής,
932 1113 1160 1172 ἐξαίρετος,
1191 1113 1366 1167 ἔξοχος,
1398 1111 1641 1169 ἐξημοιβός.

331 1183 354 1226 ἐ
360 1199 408 1236 ν,
439 1196 543 1239 quae
574 1184 828 1228 necessitudo
858 1185 967 1228 inter
996 1185 1149 1227 formas
1171 1184 1231 1236 έν,
1265 1181 1343 1235 εἰν,
1377 1183 1444 1225 ἐνὶ
1474 1182 1618 1233 exstet,
1652 1193 1733 1224 non

193 1253 293 1297 satis
323 1252 465 1308 liquet.
517 1253 629 1296 Dum
659 1253 816 1310 Benfey
847 1254 910 1306 ΙΙ,
950 1255 1018 1297 48.
1053 1251 1119 1297 ἐνὶ
1149 1265 1197 1296 ex
1228 1252 1276 1295 ἐν
1306 1251 1606 1308 praepositione
1637 1251 1680 1293 et
1717 1266 1734 1294 ι

193 1322 513 1366 demonstrativo
542 1323 814 1379 compositum
844 1336 932 1367 esse
963 1323 1119 1375 censet,
1152 1322 1263 1365 idern
1293 1321 1406 1365 infra
1434 1321 1479 1364 in
1510 1319 1733 1376 appendice

194 1406 232 1448 p.
267 1393 363 1437 368.
426 1391 623 1436 Ahrensii
651 1393 880 1436 sententiae
908 1392 1150 1444 assentitur,
1179 1391 1250 1447 qui
1280 1390 1347 1435 ἐνὶ
1373 1404 1445 1447 pro
1474 1403 1571 1434 casu
1592 1389 1734 1445 stirpis

191 1457 315 1506 ’ENO
347 1461 504 1517 accepit
532 1462 641 1506 unde
673 1462 720 1505 ἐν
751 1463 794 1507 et
822 1461 889 1506 εἰν
920 1479 937 1505 ι
966 1462 1088 1506 litera
1119 1461 1279 1506 abiecta
1308 1462 1419 1505 facta
1449 1461 1596 1505 essent.
1653 1459 1734 1504 Sed

192 1532 398 1587 utcunque
428 1544 493 1575 res
523 1544 566 1575 se
596 1531 733 1585 habet,
766 1529 810 1575 id
840 1533 950 1576 certe
971 1532 1143 1584 constat,
1175 1531 1311 1574 varias
1339 1531 1437 1574 illas
1457 1531 1610 1574 formas
1640 1530 1734 1574 usui

192 1601 362 1645 metrico
382 1601 619 1645 felicissime
648 1602 810 1646 servire.
860 1601 1088 1655 ἐνίπλειος,
1115 1599 1303 1651 εἰνόδιος
1333 1600 1533 1652 ἔναυλος,
1579 1600 1735 1653 ἔνδιος,

193 1671 392 1725 ἔμπεδος.

332 1740 441 1795 ἐπὶ,
484 1741 683 1799 ἕπιβλής,
723 1741 998 1796 ἐπιχθόνιος,
1038 1742 1298 1799 ἐπήρετμος,
1330 1742 1577 1799 ἐφημέριος.

330 1810 485 1864 κατα,
516 1810 800 1867 καταθύμιος,
831 1812 1087 1870 κατηρεφής.

328 1881 480 1935 μετά,
519 1883 826 1939 μεταδόρπιος,
855 1883 1127 1938 μετάγγελος,
1157 1883 1383 1941 μεθήμων.

330 1950 490 2007 παρὰ.
524 1964 572 1995 ex
593 1951 735 1995 formis
757 1952 924 2008 linguae
945 1953 1171 1997 sanseritae
1192 1953 1354 2008 saepius
1376 1953 1563 2010 cognosci
1585 1954 1733 2009 potest,

190 2020 510 2076 praepositiones
540 2022 767 2077 priscorum
798 2022 1011 2065 nominum
1043 2035 1161 2066 casus
1191 2022 1330 2065 fuisse.
1394 2021 1513 2075 Quod
1542 2034 1637 2066 cum
1674 2023 1735 2067 ita

187 2090 261 2142 sit,
299 2090 419 2145 παρα
454 2090 699 2147 praepositio
737 2091 906 2135 Benfeio
950 2092 994 2144 Ι,
1035 2106 1073 2148 p.
1119 2094 1213 2135 129.
1261 2091 1594 2136 instrumentalis
1645 2104 1734 2136 esse

188 2160 301 2205 visus
339 2161 420 2211 est;
459 2159 598 2217 παραὶ
641 2174 736 2205 vero
774 2163 846 2205 aut
884 2162 1175 2218 compositione
1211 2162 1440 2219 particulae
1476 2161 1599 2218 παρὰ
1636 2163 1679 2206 et
1716 2179 1735 2206 ι

187 2230 498 2275 demonstrativi
518 2231 706 2288 genitum
728 2233 809 2285 est,
850 2234 922 2276 aut
951 2245 1024 2288 pro
1055 2232 1194 2276 dativo
1225 2231 1474 2277 substantivi
1505 2247 1625 2288 παρα
1654 2233 1730 2276 ha-

185 2301 378 2345 bendum.
439 2302 723 2360 παραιβάτης,
752 2303 1019 2361 παραβλώψ,
1050 2302 1317 2360 παρ-άισιος.

330 2371 474 2428 περὶ,
505 2373 766 2427 περιδέξιος,
797 2373 1057 2430 περιμήκης,
1088 2373 1369 2431 περιρρηδής,
1400 2373 1644 2430 περιώσιος.

328 2458 395 2498 πρ
405 2441 431 2485 ὀ
438 2475 450 2495 ,
482 2442 688 2499 προβλῆς,
718 2443 986 2500 προπρηνής,
1017 2442 1203 2499 πρόπας,
1234 2443 1461 2499 πρόφρων,
1491 2443 1732 2499 πρόρριζος.

329 2510 488 2568 προτὶ
524 2524 571 2555 ex
602 2510 690 2568 πρὸ
719 2512 762 2554 et
798 2512 865 2554 ἔτι
902 2512 1174 2567 compositum
1214 2512 1350 2564 (Pott.
1385 2513 1431 2555 E.
1473 2512 1517 2554 F.
1559 2513 1616 2565 ΙΙ,
1658 2513 1734 2564 38)

189 2594 262 2637 pro
293 2581 425 2624 forma
454 2580 667 2636 primitiva
697 2581 934 2624 habendum
964 2582 1038 2634 est,
1072 2595 1121 2624 ex
1151 2593 1234 2636 qua
1264 2597 1281 2623 ι
1310 2581 1468 2625 abiecto
1498 2581 1608 2636 πρός
1638 2583 1681 2624 et
1709 2598 1734 2637 ρ

192 2651 391 2708 exstincto
421 2649 525 2694 ποτὶ
554 2651 731 2694 formata
761 2651 869 2694 sunt.
903 2652 1210 2707 ποτιδόρπιος,
1242 2651 1500 2708 προσκηὸής.

332 2718 448 2772 σῦν,
480 2720 674 2776 συνεχής,
707 2720 931 2777 συνήορος,
965 2721 1147 2774 σύμπας.

332 2787 463 2845 ὑπὲρ
495 2788 743 2845 praepositio
765 2789 961 2833 Ahrensii
991 2802 1040 2834 ex
1061 2790 1267 2835 sententia
1287 2789 1432 2846 (Diall.
1462 2790 1574 2845 150),
1608 2802 1735 2845 quam

193 2860 321 2902 etiam
353 2859 548 2903 Benfeius
579 2860 658 2915 (ΙΙ,
691 2873 730 2914 p.
755 2860 865 2916 348)
896 2861 1053 2915 probat,
1084 2861 1371 2917 antiquissimo
1401 2862 1585 2915 tempore
1607 2858 1735 2915 ιῖπερὶ

195 2929 377 2973 sonabat.
419 2929 485 2973 cui
523 2930 582 2974 rei
621 2929 864 2974 documento
902 2933 965 2976 est
1002 2932 1135 2977 forma
1173 2930 1389 2981 dialectica
1426 2928 1553 2988 ἰπερὶ.
1588 2929 1734 2973 deinde
