1932 3252
932 121 987 196 ἐξ

198 277 384 349 tempore
417 278 702 336 tantummodo
734 304 805 348 per
834 291 1017 337 flexionis
1048 283 1223 334 formam
1255 282 1377 332 alteri
1401 269 1651 331 vocabulo
1621 268 1739 346 prae-

198 364 307 429 lixa,
325 375 373 408 ea
407 373 502 419 vero
532 360 670 422 illius
678 361 932 416 formationis
964 360 1200 425 composita,
1235 371 1339 414 quae
1369 358 1422 401 ab
1444 345 1521 400 hac
1546 338 1636 412 lege
1669 364 1734 398 re·-

199 417 359 482 cedant,
394 415 615 486 posteriore
647 417 830 487 tempore
861 431 971 474 facta
1006 443 1103 473 esse.

366 598 421 684 11.
458 608 524 684 ire
560 607 900 701 §mnam-0
935 631 1075 700 atque
1110 647 1197 684 usn
1233 612 1569 684 adieefflrffi

776 723 1165 791 compositorum·

336 832 374 910 ξ.
401 848 467 889 21.
502 847 553 888 111
573 845 811 898 universum
832 846 933 888 haec
954 846 1019 888 lex
1044 846 1166 898 valet,
1192 848 1239 888 ut
1259 858 1323 888 res
1345 858 1470 900 quam
1492 846 1739 902 vocabulum

200 896 402 980 posterius
433 903 639 971 significet
666 913 802 970 priore
833 914 1063 957 accuratius
1094 913 1366 966 describatur3
1400 913 1466 958 vel
1496 915 1544 957 ut
1572 903 1737 976 planius

202 986 348 1049 dicam,
383 984 417 1028 si
448 974 793 1041 significationem
823 985 1141 1040 compositorum
1171 984 1414 1040 respicimus
1437 984 1482 1026 in
1502 984 1623 1040 longe
1644 973 1739 1046 plu-

200 1051 316 1119 rimis
335 1044 515 1119 partem
544 1054 722 1111 priorem
760 1068 781 1098 e
813 1055 1035 1111 posteriore
1065 1054 1314 1114 pendentem
1345 1054 1638 1127 cognoscimus.
1689 1054 1739 1114 In

199 1117 250 1168 iis
281 1108 446 1168 tantum
476 1124 730 1179 compositis„
772 1137 876 1180 quae
907 1139 932 1168 a
962 1126 1085 1169 verbo
1116 1125 1341 1187 incipiunt,
1384 1123 1607 1189 paucisque
1646 1104 1740 1166 allis

199 1194 296 1255 ordo
325 1192 512 1238 inversus
542 1194 711 1238 obtinet.
774 1195 835 1238 Ex
865 1195 1011 1238 ceteris
1042 1194 1252 1254 vocabulis
1283 1194 1365 1237 tria
1394 1182 1591 1237 tantum
1581 1175 1733 1244 inveni,

201 1264 245 1306 in
261 1242 431 1326 quibus
468 1254 667 1321 Posterior
703 1277 797 1319 pars
834 1277 856 1320 6
893 1265 1026 1324 priore
1073 1250 1266 1319 Ρ611ἂ661ς
1314 1265 1411 1307 sunt
1456 1264 1595 1306 autem
1642 1247 1741 1305 11660

201 1320 460 1390 ποδήνεμος,
490 1332 740 1388 θυμολὲων,
770 1327 1037 1389 κυδιάνειρα.

338 1402 585 1467 ποδήνεμος
616 1403 844 1453 (6616111616
864 1403 1018 1459 pedum
1040 1406 1182 1446 ventos
1203 1404 1405 1457 aequans)
1422 1393 1545 1445 Iridis
1568 1403 1740 1467 Eprthe-

200 1463 270 1513 ton
301 1472 365 1515 est
395 1463 502 1543 quod
534 1470 577 1513 in
608 1470 739 1514 Iliade
770 1471 936 1531 tantum
968 1471 1101 1515 exstat
1130 1471 1174 1514 in
1204 1472 1281 1514 hac
1312 1470 1515 1514 locutione
1554 1471 1740 1535 ποδηνε-

197 1556 278 1595 μος
308 1538 420 1583 ωκέα
444 1532 545 1597 ’Ῑρις
575 1530 618 1582 Β
650 1541 746 1593 786,
781 1527 823 1583 Ε
850 1542 935 1585 353
967 1542 1042 1584 etc.
1092 1528 1337 1595 θυμολὲων,
1369 1540 1517 1594 θυμόῑ
1549 1538 1657 1603 α’γήν
1659 1555 1740 1604 oga

200 1610 311 1664 ἔχων
342 1609 453 1653 navo?
473 1610 575 1653 λέον
569 1625 630 1653 τα
661 1610 705 1653 in
737 1611 968 1675 accusativo
998 1607 1164 1654 tantum
1195 1610 1381 1668 positum
1420 1612 1483 1654 est
1520 1612 1563 1653 et
1598 1610 1741 1690 1161068

197 1681 326 1723 ornat.
376 1684 425 1722 H
442 1682 525 1723 228
546 1677 750 1737 Ἀχιλλῆα
781 1677 997 1738 ῥηξήνορα
1028 1680 1319 1735 θυμολέοντα.
1352 1681 1378 1722 λ
1409 1672 1491 1723 267
1524 1657 1740 1737 Ηρακληα

199 1737 487 1813 θυμολέοντα.
527 1749 778 1804 κυδιάνειρα
816 1750 953 1793 virum
990 1751 1211 1793 honestans
1249 1734 1462 1805 epitheton
1501 1751 1564 1793 est
1599 1751 1741 1807 μάχης

198 1812 234 1860 Δ
266 1807 363 1863 225.
397 1819 525 1861 8611161
557 1822 589 1860 Λ
620 1821 707 1862 490
738 1819 823 1862 foro
854 1820 1072 1874 apponitur
1102 1818 1163 1869 εἷς
1195 1818 1355 1877 ἀγορήν
1381 1811 1680 1881 κυδιάνειραν.

339 1889 429 1932 16111
460 1901 555 1931 vero
586 1888 703 1941 ratio,
737 1901 818 1943 qua
849 1889 1027 1931 alterum
1058 1889 1303 1932 vocabulum
1336 1888 1456 1932 alteri
1479 1889 1741 1931 coniunctum

200 1948 414 2018 cogitatur,
448 1958 492 2000 in
524 1957 699 2014 singulis
730 1958 965 2014 compositis
996 1958 1143 2001 variat.

261 2029 302 2082 1)
335 2029 408 2071 aut
437 2041 531 2084 pars
561 2027 672 2083 prior
707 2026 900 2070 adiectivi
939 2028 1005 2070 vel
1043 2018 1227 2071 adverbii
1266 2029 1353 2071 loco
1392 2028 1606 2084 posteriori
1644 2041 1739 2073 con-

198 2110 302 2140 nexa
339 2099 412 2141 est.
453 2097 517 2140 his
555 2095 767 2140 adiectivis
806 2096 1040 2151 compositis
1079 2110 1143 2141 res
1174 2097 1314 2153 aliqua
1353 2098 1419 2142 vel
1451 2087 1558 2142 actio
1599 2098 1740 2154 quales

200 2168 295 2220 sint,
329 2167 633 2211 describuntur:
667 2163 915 2222 α’μφιμέλας
938 2184 978 2203 =
1001 2167 1044 2210 in
1076 2168 1248 2222 utroque
1280 2168 1361 2211 fine
1383 2169 1512 2225 niger.
1548 2170 1741 2225 ψευδάγ-

200 2237 321 2297 γελος
345 2255 383 2274 z
406 2237 576 2297 nuntius
606 2235 748 2279 falsus.
791 2234 1028 2290 ἅγακλυτός
1052 2254 1091 2272 ε
1114 2237 1233 2280 valde
1265 2237 1458 2280 inclutus.
1499 2240 1740 2292 παμποίκι-

200 2305 274 2357 λος
298 2325 338 2344 =
361 2306 494 2350 omnis
532 2306 716 2350 discolor.
765 2306 943 2364 εὔρροος
976 2308 1208 2363 :pulchre
1247 2307 1387 2351 fluens.
1439 2306 1668 2363 ἄγχίμολος
1702 2328 1741 2346 =

201 2389 324 2432 prope
356 2376 568 2436 accedens.
602 2377 864 2427 παλίντονος
889 2395 927 2414 z
952 2379 1059 2420 retro
1090 2379 1241 2422 tensus.

259 2448 305 2509 2)
337 2447 410 2489 aut
439 2446 653 2490 adiectivis
684 2446 917 2502 compositis
949 2447 1073 2490 alicui
1104 2448 1277 2491 alicuius
1308 2448 1368 2491 rei
1395 2448 1594 2504 possessio
1616 2449 1737 2492 611311-

199 2511 359 2575 buitur:
385 2514 610 2575 ὑψίπυλος
627 2534 668 2554 =
684 2516 824 2565 πύλας
845 2514 1020 2574 ὑψηλάς
1041 2517 1165 2571 ἔχων.
1198 2518 1496 2575 χρυσόθρονος
1514 2536 1554 2556 =
1572 2521 1736 2573 χρυσοῦ

201 2576 365 2642 θρόνον
396 2587 521 2640 ἔχων.
552 2586 843 2643 πολυκτήμων
867 2604 908 2624 =
931 2586 1074 2629 πολλοὶ
1104 2588 1302 2644 κτήματα
1332 2589 1456 2641 ἔχων

260 2656 306 2707 3)
337 2657 410 2699 aut
440 2656 570 2699 altera
599 2668 694 2711 Ρ618
724 2668 772 2698 ex
803 2656 935 2699 altera
965 2657 1171 2701 structura
1201 2657 1379 2712 quadam
1410 2657 1591 2711 pendens
1629 2659 1739 2714 cogi-

202 2724 328 2769 tanda
358 2726 421 2769 est
450 2726 568 2769 nulla
597 2713 775 2768 habendi
806 2725 969 2768 notione
1002 2725 1159 2776 addita;
1192 2726 1236 2769 in
1266 2725 1331 2769 his
1355 2725 1483 2782 igitur
1505 2727 1740 2783 compositis

201 2786 305 2859 (1666
321 2797 470 2858 partes
474 2808 643 2840 casuum
660 2796 865 2839 structura
883 2796 1159 2838 continentur:
1193 2796 1439 2850 ἔμπεδοςε
1464 2796 1510 2838 ἐν
1528 2798 1646 2853 πέδῳ
1665 2813 1738 2839 ωι.

200 2847 525 2924 ἐγχέσπαλος-
485 2882 526 2890 ·-
549 2865 670 2920 ἔγχος
690 2852 882 2908 πάλλωι
934 2864 1100 2908 Curtius
1131 2865 1173 2908 in
1204 2867 1475 2922 grammatica
1506 2880 1629 2923 81.Ρ
1662 2868 1739 2910 116

201 2924 300 2978 11666
347 2935 664 2989 compositorum
709 2947 857 2989 8611616
906 2935 985 2979 tria
1031 2935 1264 2980 nominibus
1312 2935 1606 2980 determmatn
1608 2950 1653 2980 01
1655 2950 1736 2989 um
