1932 3252
964 174 1017 216 16

215 309 379 353 easdem
411 309 523 365 leges
554 311 782 365 sequuntur
811 312 934 366 atque
967 312 1151 355 eiusdem
1172 312 1459 358 declinationis
1489 313 1759 358 substantiva.

218 378 423 433 Sequente
455 380 704 422 consonante
727 379 1024 441 declinationis
1056 381 1229 437 stirpem
1260 382 1304 424 in
1335 398 1359 425 ο
1391 383 1607 427 exeuntem
1644 395 1763 438 prae-

214 447 334 491 bent:
379 446 701 507 Ἐτεό-κρητες,
747 451 1076 505 Κακο-Είλιον,
1124 449 1439 510 ἅλλο-Εειδής,
1492 454 1761 511 λευκο-θέη·

215 519 413 572 sequente
444 518 578 562 vocali
610 534 633 560 ο
667 519 852 562 vocalem
883 520 1102 564 abiiciunt:
1135 521 1435 575 δολίχ-αυλος.
1499 523 1582 567 Ubi
1603 523 1762 579 syllaba

213 586 338 642 longa
369 587 563 642 poscitur,
599 587 887 632 declinationis
921 590 1089 646 signum
1112 605 1135 633 ο
1158 590 1201 633 in
1223 605 1250 648 η
1273 590 1515 645 producitur
1542 592 1764 650 νεη-γενής

214 653 555 715 ὀλιγη-πελὲων.
623 657 673 700 In
705 657 864 702 duobus
895 659 1109 704 adiectivis
1141 675 1165 703 ο
1197 660 1329 710 vocali
1351 660 1481 704 eiecta
1501 673 1761 717 praegressae

213 726 375 770 vocales
407 726 684 770 contractione
716 727 957 772 coniunctae
988 731 1103 779 sunt;
1137 730 1390 787 τανη-λεγής
1421 732 1464 773 et
1494 730 1761 780 ταναύ-πους

211 810 284 852 pro
316 797 615 854 ταναῈολεγης
659 798 702 841 et
740 799 1024 849 ταναῈοπους
1063 800 1174 844 dicta
1212 801 1329 854 sunt,
1377 814 1551 856 quorum
1581 800 1759 844 alterum

212 883 236 910 ο
269 868 311 910 et
341 868 375 910 F
404 868 558 911 litteris
588 867 729 911 eiectis
760 884 788 911 α
817 870 860 912 in
882 885 909 926 η
930 870 1142 925 produxit,
1174 871 1353 914 alterum
1382 871 1444 913 aF
1465 871 1509 913 in
1531 871 1760 926 diphthon-

211 949 312 993 gum
359 952 415 981 αυ
460 937 653 982 mutavit.
717 938 906 995 Denique
952 940 1177 996 composita
1221 940 1481 998 κελαινεφής
1526 941 1568 983 et
1611 942 1759 994 μῶνυξ

211 1007 393 1051 notanda
431 1009 547 1061 sunt,
588 1020 693 1064 quae
723 1009 886 1064 proprie
917 1010 1084 1065 quidem
1114 1010 1427 1068 κελαινονεφής
1458 1011 1500 1053 et
1528 1011 1760 1065 μουνωνυξ

210 1077 399 1133 componi
415 1078 631 1123 debebant.
666 1077 746 1123 Sed
763 1078 907 1136 lingua
921 1093 1068 1137 graeca
1076 1081 1250 1126 eandem
1259 1080 1550 1126 consonantem
1566 1079 1630 1124 bis
1646 1079 1756 1135 posi·
1792 1082 1794 1084 ’

210 1148 300 1190 tam
332 1147 432 1191 adeo
463 1161 546 1192 non
576 1149 669 1203 fert,
703 1152 751 1194 ut
780 1151 960 1206 priorem
995 1151 1201 1206 syllabam
1239 1150 1383 1194 statim
1422 1151 1574 1201 deleat;
1614 1150 1758 1193 eadem

211 1216 262 1259 de
293 1229 416 1261 eausa
448 1217 637 1269 ἐνδαπός
667 1221 710 1262 et
740 1218 962 1278 ὑψιπέτης
991 1232 1064 1275 pro
1096 1220 1403 1270 ἐνδοδ-απο-ς
1434 1221 1476 1263 et
1506 1218 1756 1277 ὑψι-πετ-ε-

212 1301 286 1343 της
308 1286 421 1329 dicta
449 1288 564 1338 sunt;
597 1288 669 1331 sed
700 1288 750 1332 de
780 1289 845 1332 his
877 1288 1111 1343 compositis
1132 1289 1216 1331 suis
1247 1288 1347 1331 locis
1378 1288 1610 1331 disseretur.

330 1355 489 1412 Stirpes
520 1357 874 1402 substantivorum
905 1371 1009 1414 quae
1040 1358 1208 1401 tertiam
1239 1358 1555 1402 declinationem
1576 1370 1754 1413 sequun-

210 1427 294 1479 tur,
328 1427 531 1481 quantum
562 1441 635 1483 pro
665 1429 815 1472 natura
845 1428 1054 1483 sequentis
1084 1428 1229 1471 literae
1260 1428 1350 1471 fieri
1371 1429 1517 1483 potest,
1549 1440 1631 1471 non
1660 1441 1754 1471 mu-

209 1496 322 1539 tatae
343 1496 453 1552 parti
474 1497 689 1552 posteriori
713 1497 1008 1554 praefiguntur.
1059 1498 1205 1553 Itaque
1227 1497 1277 1541 de
1299 1497 1590 1553 compositione
1611 1509 1752 1540 eorum

210 1564 521 1620 adiectivorum,
554 1567 626 1611 ubi
657 1567 701 1611 in
734 1568 909 1612 duarum
939 1568 1122 1624 partium
1153 1568 1421 1612 commissura
1459 1579 1682 1612 consonans
1713 1568 1754 1610 et

210 1636 365 1679 vocalis
403 1636 511 1679 inter
549 1649 593 1680 se
631 1638 895 1694 contingunt,
939 1637 1024 1680 iam
1064 1637 1171 1680 nihil
1215 1638 1454 1681 notandum.
1517 1637 1753 1694 βου-γάιος
1824 1682 1828 1686 ,

213 1705 468 1761 ναύ-μαχος,
500 1706 833 1764 metanoeam,
865 1707 1111 1764 δρυ-τόμος,
1144 1704 1432 1765 ἅστυβοώτης,
1470 1704 1746 1763 Ἀνδρ-αίμων

210 1775 491 1833 ποδ-ήνεμος,
521 1777 746 1826 κυν-ῶπις.
777 1776 867 1832 ssoF
899 1777 940 1819 et
970 1776 1060 1819 vaF
1091 1776 1239 1831 stirpes
1270 1777 1366 1819 ante
1397 1776 1687 1819 consonantem
1708 1775 1751 1817 in

208 1847 291 1900 βου
323 1846 366 1888 et
394 1860 480 1888 ναυ
511 1845 688 1889 transire
720 1845 943 1897 debebant;
976 1846 1171 1901 sequente
1201 1845 1333 1889 vocali
1365 1858 1458 1888 vero
1488 1845 1523 1888 F
1544 1845 1752 1888 servatum

208 1916 272 1958 est
292 1916 476 1971 (βοῶπις
495 1933 535 1952 =
551 1915 783 1971 βοΕῶπις).
816 1915 866 1957 In
897 1914 948 1958 iis
969 1915 1217 1970 compositis,
1251 1914 1323 1958 ubi
1344 1927 1567 1958 consonans
1588 1914 1632 1957 in
1653 1925 1750 1956 con-

207 1985 423 2029 sonantem
461 1984 653 2038 incurrit,
701 1984 736 2027 si
782 1985 928 2027 ambae
965 1984 1108 2028 faciles
1146 1985 1243 2028 sunt
1287 1983 1340 2027 ad
1378 1983 1743 2040 pronuntiandum,

207 2055 444 2108 servantur,
484 2055 551 2098 sin
590 2067 683 2098 vero
722 2054 802 2097 sibi
841 2054 1024 2107 obstant,
1067 2055 1139 2097 aut
1168 2054 1281 2109 prior
1313 2066 1539 2098 consonans
1570 2052 1751 2106 eliditur,

215 2126 289 2168 aut
327 2141 351 2168 o
390 2124 544 2168 vocalis
582 2124 869 2180 interponitur.
910 2125 1096 2176 servatae
1133 2125 1231 2169 sunt
1267 2124 1372 2167 duae
1410 2123 1569 2167 vocales
1607 2122 1650 2166 in
1688 2121 1752 2165 his

206 2195 440 2239 adiectivis:
462 2194 733 2251 ἔπεα-βόλος,
767 2192 1015 2250 ὀρεσ-κῶος,
1037 2194 1332 2248 ἐγχέσ-παλος,
1352 2193 1612 2247 πυγ-μάχος,
1642 2207 1750 2248 πυρ-

204 2264 451 2315 πολέοντες.
513 2263 817 2320 Antiquissimo
849 2263 960 2307 enim
990 2264 1174 2319 tempore
1211 2263 1358 2307 neutra
1395 2262 1440 2305 in
1477 2277 1524 2312 ος
1560 2260 1750 2306 cadentia

205 2335 381 2378 formam
413 2334 649 2386 radicalem,
683 2347 787 2389 quae
817 2333 938 2376 hodie
968 2334 1134 2376 tantum
1164 2333 1208 2376 in
1238 2332 1491 2376 nominativo
1521 2333 1564 2375 et
1584 2343 1749 2375 accusa-

201 2405 288 2450 tivo
333 2404 561 2459 invenitur,
609 2417 681 2461 per
726 2416 867 2448 omnes
913 2415 1030 2447 casus
1075 2403 1282 2460 integram
1327 2402 1556 2445 servabant.
1599 2400 1745 2444 deinde

201 2489 330 2531 quum
362 2488 391 2518 σ
417 2476 540 2519 litera
569 2475 679 2518 inter
709 2474 810 2517 duas
842 2473 1004 2517 vocales
1034 2473 1131 2516 ferri
1162 2485 1244 2516 non
1275 2473 1430 2527 posset,
1471 2472 1514 2515 in
1553 2471 1746 2527 spiritum

201 2546 339 2590 lenem
369 2545 554 2597 transiit;
585 2545 687 2589 haec
718 2544 781 2588 est
811 2556 952 2596 causa,
986 2556 1058 2587 cur
1088 2542 1132 2586 in
1163 2542 1338 2586 dialecto
1377 2541 1509 2585 ionica
1546 2540 1591 2584 hi
1622 2552 1743 2584 casus

202 2629 274 2671 per
311 2617 395 2660 tres
434 2616 617 2672 syllabas
646 2614 905 2670 pronuntiari
937 2614 1126 2656 solerent.
1161 2616 1327 2667 γένεος,
1359 2615 1476 2665 γένεϊ
1497 2630 1537 2650 =
1560 2614 1745 2665 γένεσος,

201 2690 345 2740 γένεσι
352 2704 369 2739 ,-
415 2686 638 2741 eodemque
676 2685 797 2728 modo
837 2683 977 2727 Latini
1008 2683 1162 2739 priscas
1201 2682 1353 2727 formas
1390 2682 1563 2737 genesis,
1605 2679 1746 2736 genesi

199 2757 243 2799 in
274 2755 455 2812 generiS,
487 2754 628 2811 generi
650 2754 934 2804 mutaverunt3
968 2753 1031 2795 est
1061 2752 1172 2795 enim
1192 2752 1258 2795 lex
1282 2751 1449 2805 latinae,
1483 2751 1662 2807 linguae,
1695 2749 1744 2790 ut

201 2840 220 2869 s
250 2826 360 2870 inter
391 2825 493 2869 duas
531 2825 691 2869 vocales
731 2825 802 2868 aut
835 2822 1001 2867 omnino
1030 2822 1075 2865 in
1105 2821 1277 2878 syllabis
1309 2821 1460 2877 apertis
1490 2819 1671 2877 positum
1702 2817 1745 2860 in

200 2910 221 2938 r
252 2896 445 2939 transeat.
479 2895 608 2938 honor
634 2913 667 2919 -
695 2894 834 2947 honos,
868 2892 1032 2936 honoris
1057 2910 1096 2929 =
1119 2892 1295 2935 honosis.
1336 2891 1571 2947 ἑωσφόρος.
1604 2888 1744 2932 Etiam

199 2965 286 3026 ἠώς
316 2967 514 3022 stirpibus
545 2966 589 3010 in
621 2977 650 3009 σ
676 2965 862 3009 litteram
894 2962 1137 3008 exeuntibus
1169 2961 1523 3007 adnumerandum
1555 2971 1641 3003 esse
1663 2971 1744 3002 non
