1932 3252
913 130 966 173 12

156 264 454 310 adiectivorum
483 268 773 311 formationem
805 269 1002 323 exposuit,
1038 284 1132 313 cum
1164 271 1344 315 doceret:
1377 272 1584 328 duplicem
1614 287 1701 318 esse

157 334 427 390 componendi
443 336 647 380 rationem
664 338 981 393 compositorum
999 340 1155 383 averbo
1175 341 1481 396 incipientium3
1503 343 1576 386 aut
1590 343 1701 386 enim

157 402 306 458 stirpes
327 418 451 459 puras
473 408 669 462 sequente
701 408 834 451 vocali
865 409 971 452 nihil
995 411 1197 462 mutatas,
1230 413 1426 466 sequente
1456 413 1701 457 consonante

155 485 228 527 per
248 486 339 517 com
360 475 574 529 positionis
605 477 765 520 vocales
795 492 831 530 ε,
854 494 884 530 ι,
907 495 930 521 ο
953 479 1073 523 alteri
1105 480 1302 523 vocabulo
1332 482 1525 537 praefigi;
1556 483 1697 526 δακ-έ-

154 544 312 597 θυμος,
342 547 455 588 nec&
468 571 483 578 -
502 561 645 603 αρχος,
676 545 759 603 α’ρχ
775 573 791 579 -
809 563 825 591 ι
842 573 858 580 -
876 552 1057 603 τέκτων,
1088 562 1170 604 μισ
1184 575 1199 582 -
1217 550 1243 593 o'
1259 575 1274 582 -
1294 565 1420 605 γυνος
1450 552 1524 596 aut
1552 553 1701 608 stirpes

156 625 184 655 σ
211 612 335 657 litera
366 615 508 659 auctas
538 629 688 672 easque
719 617 870 662 aoristo
901 620 1034 674 primo
1066 619 1303 664 simillimas
1324 621 1467 664 eodem
1497 621 1617 665 modo
1648 622 1700 665 ad

154 683 381 738 composita
401 685 616 729 formanda
636 686 824 731 adhiberi
855 688 1151 743 λυσ-ί-πονος,
1182 689 1470 748 πλήξ-ιππος,
1501 694 1699 749 στρεψ-ί-

152 752 284 801 δικος.
328 752 407 796 Sed
436 755 562 798 variis
590 755 641 798 de
670 757 804 800 causis
832 758 934 801 haec
955 758 1088 802 Curtii
1117 759 1322 803 sententia
1349 760 1514 815 probari
1535 761 1691 816 nequit.

153 821 346 866 Primum
378 835 482 879 quae
513 824 620 868 ratio
650 825 694 868 in
725 827 839 870 vario
870 828 1074 871 vocalium
1105 843 1149 882 ε,
1181 844 1218 881 ι,
1250 845 1274 872 o
1312 842 1410 873 usu.
1427 830 1584 882 valeat,
1625 842 1699 874 nec

153 890 321 935 Curtius
352 892 469 946 dixit,
503 907 578 937 nec
609 895 830 951 quisquam
861 897 1142 942 demonstrare
1162 898 1332 953 poterit3
1365 898 1436 941 sed
1457 898 1558 942 haec
1579 912 1691 943 com-

151 961 300 1016 positio
321 963 356 1006 si
378 963 569 1007 Curtium
591 965 803 1020 sequimur
823 966 956 1010 omnis
979 968 1114 1011 certae
1134 967 1239 1024 legis
1261 980 1403 1023 expers
1420 969 1493 1011 est.
1537 968 1698 1012 Deinde

152 1033 262 1087 quod
294 1034 443 1089 stirpes
483 1050 510 1077 σ
546 1035 670 1078 litera
707 1038 849 1081 auctas
889 1038 1032 1081 eodem
1069 1038 1190 1082 modo
1228 1040 1351 1094 atque
1388 1051 1512 1094 puras
1549 1038 1697 1094 stirpes

151 1103 341 1158 sequenti
371 1104 570 1148 vocabulo
591 1105 764 1161 praefigi
787 1106 902 1154 dixit,
936 1107 979 1150 id
1002 1107 1168 1151 omnino
1188 1107 1340 1151 falsum
1362 1109 1436 1159 est,
1469 1121 1564 1151 cum
1585 1120 1697 1152 com-

150 1172 367 1228 positionis
397 1173 552 1217 vocalis
584 1189 609 1217 ο
639 1187 857 1230 nusquam,
896 1191 917 1218 ε
950 1189 1044 1219 vero
1076 1178 1279 1231 quantum
1311 1190 1385 1233 ego
1407 1177 1489 1220 scio
1520 1178 1560 1219 in
1584 1190 1696 1221 com-

149 1241 296 1298 positis
328 1240 619 1301 ἀκερσεκόμης
651 1245 693 1287 et
713 1245 977 1303 Περσεφόνη
992 1264 1031 1282 =
1046 1246 1307 1303 Φερσεφόνη
1329 1246 1427 1290 solis
1446 1246 1692 1290 inveniatur.

150 1313 199 1355 In
238 1314 475 1368 compositis
515 1312 807 1372 ἀκερσεκόμης
845 1316 887 1358 et
926 1316 1189 1372 Περσεφόνη
1228 1315 1424 1359 suffixum
1456 1328 1500 1358 σι
1529 1317 1695 1371 propter

149 1398 170 1425 ε
209 1383 390 1426 radicale
428 1383 471 1426 in
512 1396 560 1425 σε
598 1384 809 1427 mutatum
847 1396 935 1427 esse
973 1384 1078 1427 mihi
1116 1384 1293 1428 videtur.
1335 1384 1450 1428 Talis
1490 1385 1694 1428 vocalium

149 1452 399 1498 assimulitio
437 1465 519 1496 non
548 1465 641 1496 raro
678 1452 723 1495 in
754 1453 889 1496 verbis
919 1454 1077 1509 graecis
1109 1454 1150 1495 et
1180 1453 1322 1497 latinis
1360 1454 1690 1508 deprehenditur.

149 1522 290 1567 Curtio
337 1521 467 1578 igitur
497 1522 761 1566 scribendum
796 1523 902 1574 erat,
951 1536 1091 1566 omnes
1122 1522 1272 1578 stirpes
1311 1536 1338 1566 σ
1381 1523 1504 1567 litera
1550 1524 1693 1567 auctas

149 1592 345 1648 sequente
393 1592 642 1635 consonante
688 1604 814 1635 unam
861 1592 1045 1636 vocalem
1092 1607 1108 1635 ι
1154 1605 1374 1636 assumere.
1429 1593 1693 1637 Postremum

148 1675 281 1719 neque
312 1675 361 1705 ex
392 1661 526 1706 Curtii
564 1662 903 1718 interpretatione
944 1662 1136 1706 formatio
1173 1663 1352 1707 nominis
1390 1663 1695 1720 Πρωτεσίλαος

147 1732 343 1789 explicari
374 1732 522 1787 potest.
556 1732 598 1775 N
600 1732 842 1776 ovissimum
874 1732 1122 1776 vocabulum
1153 1732 1261 1788 quod
1282 1733 1368 1776 iam
1397 1733 1560 1788 saepius
1581 1745 1692 1776 com—

146 1801 469 1846 memoravimus
500 1802 712 1845 luculento
744 1802 863 1845 nobis
894 1802 1137 1857 argumento
1168 1802 1250 1852 est,
1296 1802 1448 1846 formas
1477 1803 1522 1845 in
1553 1814 1598 1845 σι
1627 1802 1694 1846 vel

146 1885 215 1916 εσι
255 1873 450 1916 exeuntes
488 1872 661 1915 flexione
693 1872 891 1916 formatas
924 1885 1023 1915 esse.
1088 1871 1168 1915 Sed
1200 1872 1401 1927 quomodo
1432 1872 1509 1916 hae
1540 1872 1694 1917 formae

146 1944 413 1999 explicandae
435 1944 530 1994 sint,
562 1943 745 1986 nondum
768 1944 882 1986 extra
903 1956 1067 1986 omnem
1090 1943 1392 1987 dubitationem
1414 1943 1596 1998 positum
1617 1943 1690 1986 est.

146 2015 241 2057 Iure
273 2026 368 2056 cum
401 2011 606 2057 Grimmio
639 2028 654 2054 ι
685 2012 808 2056 litera
839 2025 910 2068 pro
950 2012 1188 2068 imperativi
1220 2012 1367 2056 suffixo
1396 2012 1587 2056 habenda
1617 2012 1690 2056 est.

144 2085 313 2128 Etenim
352 2096 448 2127 cum
485 2084 530 2126 in
568 2083 714 2139 lingua
744 2083 945 2126 sanscrita
976 2083 1173 2125 suffixum
1207 2083 1444 2138 imperativi
1485 2083 1557 2125 dhi
1581 2100 1620 2119 =
1645 2084 1695 2124 θι

144 2154 307 2211 saepius
345 2153 390 2197 in
427 2153 472 2196 hi
508 2152 728 2196 debilitare
766 2153 914 2206 soleat,
963 2152 1008 2195 hi
1054 2164 1149 2195 vero
1187 2152 1231 2194 in
1269 2164 1462 2208 graecam
1500 2151 1688 2208 linguam

145 2225 399 2268 translatum
431 2223 592 2278 spirans
623 2223 815 2266 amittere
847 2223 1036 2265 debuerit
1067 2220 1102 2272 (ὶ
1133 2222 1506 2265 demonstrativum
1527 2233 1694 2276 respon-

147 2294 218 2338 det
239 2294 440 2339 sanscrito
461 2294 528 2337 chi
550 2294 617 2337 vel
638 2293 712 2349 hi),
737 2306 817 2337 non
839 2294 979 2337 abesse
1002 2307 1026 2336 a
1055 2292 1230 2336 veritate
1252 2291 1427 2344 videtur,
1452 2291 1695 2347 composito-

144 2377 237 2407 rum
284 2367 623 2420 τερπικέραυνος
668 2363 927 2420 λαθικηδής,
981 2361 1178 2411 emmaus
1222 2364 1300 2404 etc.
1350 2363 1487 2416 partes
1537 2362 1692 2416 priores

143 2434 411 2489 imperativos
443 2447 543 2478 esse.
600 2434 679 2478 Sed
702 2448 802 2477 num
824 2433 952 2477 etiam
984 2434 1027 2475 in
1059 2433 1202 2477 formis
1234 2445 1306 2488 per
1338 2446 1382 2475 σι
1413 2432 1479 2475 vel
1508 2443 1579 2475 εσι
1611 2431 1694 2476 for-

146 2504 273 2547 matis
304 2505 354 2547 de
386 2505 632 2560 imperativo
663 2505 792 2548 futuri
825 2504 1091 2561 cogitandum
1122 2503 1197 2554 sit,
1239 2503 1282 2545 id
1319 2502 1427 2557 quod
1466 2502 1695 2545 Grimmius

142 2574 286 2626 voluit,
319 2575 510 2629 equidem
541 2575 664 2618 valde
695 2575 989 2626 dubitaverim,
1024 2587 1118 2617 cum
1150 2586 1282 2629 neque
1314 2573 1357 2614 in
1385 2585 1531 2628 graeca
1562 2584 1693 2627 neque

139 2643 184 2687 in
222 2644 355 2688 latina
385 2645 528 2702 lingua
559 2646 694 2689 ullum
734 2644 957 2701 vestigium
990 2644 1077 2688 eius
1108 2645 1264 2688 formae
1311 2643 1498 2699 cognosci
1545 2641 1690 2699 possit.

144 2714 280 2769 Quare
306 2715 458 2759 formas
482 2720 555 2758 TA
563 2718 734 2766 ΜΕΣΙ,
749 2714 1001 2767 ἙΛΚΕΣῙ,
1018 2713 1140 2767 ῈΣΙ,
1160 2727 1232 2771 pro
1248 2726 1420 2769 persona
1435 2713 1615 2757 secunda
1629 2713 1694 2755 in-

143 2785 320 2829 dicativi
346 2786 528 2841 accipere
551 2786 719 2837 malim,
754 2798 858 2840 quae
881 2786 1051 2840 antiquo
1080 2787 1263 2840 tempore
1285 2783 1431 2828 suffixo
1461 2798 1505 2827 σι
1526 2783 1695 2826 formari

141 2857 317 2908 solebat,
342 2856 490 2898 deinde
512 2857 729 2899 literarum
751 2855 971 2897 metathesi
989 2855 1032 2897 in
1057 2856 1215 2909 τάμεις,
1241 2854 1378 2903 ἕλκεις
1396 2855 1438 2897 et
1454 2866 1483 2896 σ
1496 2852 1695 2895 exstincto

145 2929 188 2970 in
220 2921 263 2968 εἷ
292 2925 473 2969 transiit.
539 2926 646 2968 Tum
679 2926 781 2967 bene
813 2924 1077 2977 intelligitur,
1113 2937 1184 2966 cur
1216 2924 1311 2966 ante
1345 2936 1373 2965 σ
1401 2921 1641 2977 saepissime
1673 2936 1693 2961 ε
