1932 3252
327 604 346 658 ξ
374 607 407 647 1.
455 568 759 655 Quintilianus
797 616 843 647 eo
882 602 970 647 loco
1008 603 1281 647 institutionis
1319 603 1518 647 oratoriae
1549 616 1628 659 quo
1664 601 1715 647 de

181 674 416 728 compositis
437 673 579 716 latinis
602 673 736 717 obiter
756 673 941 725 disserit,
974 673 1194 717 discrimen
1222 672 1580 729 quodgintercedat
1606 674 1716 717 inter

181 742 517 801 compositionem
538 755 729 798 graecam
750 743 874 798 atque
889 741 1073 786 ‘latinam
1093 742 1158 786 his
1188 742 1323 786 verbis
1351 741 1576 798 significat:
1608 743 1641 796 1,
1676 746 1712 787 5,

180 814 199 866 ξ
232 814 297 856 70.
333 824 425 864 „res
455 813 543 855 tota
572 812 707 868 magis
729 811 905 856 Graecos
936 812 1064 865 decet,
1098 812 1215 855 nobis
1236 812 1374 855 minus
1405 812 1599 865 succedit,
1615 846 1625 855 .
1645 847 1654 856 .
1674 847 1713 857 ..

181 881 353 937 ideoque
392 894 486 925 cum
523 882 791 939 κυρταύχενα
821 882 963 926 mirati
994 883 1144 935 simus,
1184 885 1559 926 incurvicervicum
1590 883 1658 927 vix
1690 897 1716 928 a

179 953 265 997 risu
310 953 616 997 defendimus“.
693 950 772 997 Ac>
800 954 981 1010 profecto
1027 954 1194 1011 quidem
1239 955 1283 997 in
1329 954 1503 998 summis
1548 954 1716 1010 linguae

181 1030 350 1080 graecae
385 1023 607 1067 virtutibus
627 1024 864 1068 habendum
896 1026 970 1078 est,
1004 1025 1112 1081 quod
1143 1025 1195 1068 ad
1216 1025 1417 1069 vocabula
1437 1024 1716 1080 componendo

179 1092 393 1135 formanda
414 1093 630 1147 aptissima
649 1094 715 1137 sit.
759 1093 893 1147 Quare
914 1095 1024 1150 apud
1044 1108 1185 1138 omnes
1206 1095 1424 1150 scriptores
1444 1094 1540 1138 inde
1557 1107 1582 1138 a
1596 1106 1716 1151 grae-

182 1161 319 1206 citatis
350 1162 562 1218 principiis
597 1176 725 1218 usque
757 1164 809 1206 ad
841 1164 1028 1207 infimam
1060 1166 1240 1208 aetatem
1280 1164 1600 1220 compositorum
1637 1177 1715 1207 nu-

180 1244 341 1275 merum
371 1232 628 1277 uberrimum
648 1233 1002 1289 deprehendimus.
1046 1234 1259 1290 Imprimis
1280 1247 1375 1279 vero
1396 1234 1582 1278 carmina
1602 1234 1717 1291 epica

181 1302 498 1359 compositorum
518 1303 788 1348 multitudine
816 1305 1033 1349 excellunt.
1083 1304 1249 1349 Etenim
1271 1304 1471 1349 vocabula
1492 1304 1716 1360 composita

180 1385 260 1416 non
298 1373 418 1421 modo
463 1386 601 1416 rerum
647 1374 910 1430 descriptioni
949 1375 1052 1418 bene
1098 1374 1346 1428 inserviunt,
1397 1387 1540 1419 verum
1587 1374 1715 1418 etiam

180 1443 405 1486 orationem
442 1443 596 1500 insigni
633 1443 835 1488 facilitate
875 1444 1116 1500 expediunt;
1163 1445 1286 1499 atque
1325 1444 1507 1487 metrum
1552 1456 1714 1500 quoque

179 1525 320 1556 versus
357 1513 508 1557 heroici
554 1527 602 1557 ex
632 1515 925 1558 vocabulorum
955 1514 1247 1570 compositione
1278 1514 1389 1557 haud
1420 1527 1511 1557 raro
1541 1526 1716 1571 magnas

180 1583 259 1627 sibi
280 1584 515 1628 venustates
536 1585 652 1640 petit.
702 1584 803 1638 Quis
824 1586 888 1629 est
908 1585 1007 1640 quin
1028 1585 1164 1628 verbis
1195 1584 1509 1642 ἑκατηβελέταο
1533 1583 1717 1634 ἄνακτος

180 1652 283 1696 mire
299 1655 623 1707 commoveatur,
654 1667 750 1697 cum
772 1654 967 1698 maiestas
989 1654 1183 1698 adiectivi
1209 1653 1425 1709 compositi
1445 1654 1535 1697 tam
1554 1652 1717 1698 levibus

178 1722 385 1779 rhythmis
414 1723 551 1768 infusa
571 1723 654 1768 sit?
713 1724 804 1768 Hae
825 1724 922 1768 sunt
943 1737 1101 1777 causae,
1134 1723 1284 1780 quibus
1306 1723 1358 1767 ad
1379 1722 1716 1780 compositionem

178 1806 369 1849 graecam
388 1795 649 1839 tractandam
668 1795 865 1839 incitatus
886 1808 991 1838 sum.
1055 1794 1136 1838 Sed
1157 1807 1252 1838 cum
1271 1795 1361 1837 tota
1380 1793 1557 1837 materia
1585 1793 1717 1837 maior

179 1862 246 1916 sit,
278 1876 404 1919 quam
424 1864 472 1907 ut
501 1864 687 1921 angustis
709 1863 1067 1908 commentationis
1088 1863 1239 1907 finibus
1261 1862 1553 1918 comprehendi
1573 1862 1715 1919 possit,

179 1932 515 1988 antiquissimum
553 1934 760 1990 epicorum
805 1935 848 1977 et
892 1935 1121 1977 ceterorum
1151 1933 1272 1989 longe
1309 1932 1715 1988 praestantissimum

178 2001 283 2046 mihi
313 2003 522 2059 proposui,
562 2003 678 2047 cuius
709 2002 932 2058 composita
962 2002 1191 2046 accuratius
1221 2002 1455 2045 tractarem.
1496 2001 1717 2046 Adiectiva

181 2072 321 2116 autem
341 2072 428 2116 sola
449 2086 497 2116 ex
521 2073 730 2116 vocabulis
751 2072 987 2128 compositis
1007 2072 1126 2128 elegi,
1150 2072 1301 2127 quippe
1321 2083 1426 2126 quae
1445 2083 1720 2128 permagnum

180 2140 497 2197 compositorum
526 2153 745 2185 numerum
775 2140 975 2194 efficiant,
1016 2140 1203 2197 quodque
1233 2139 1277 2183 in
1307 2139 1358 2184 iis
1389 2139 1572 2184 maxima
1602 2152 1714 2184 com-

180 2211 393 2266 positionis
423 2210 601 2256 varietas
632 2212 833 2259 cernatur.

319 2280 538 2325 Adiectiva
583 2282 808 2337 composita
843 2281 982 2325 omnia
1019 2294 1092 2336 pro
1130 2282 1278 2324 natura
1316 2280 1462 2336 prioris
1501 2280 1631 2336 partis
1670 2280 1715 2324 in

179 2350 261 2394 tria
290 2363 440 2409 genera
461 2350 728 2396 discernenda
747 2352 856 2405 sunt,
889 2363 1065 2407 quorum
1085 2351 1267 2407 primum
1289 2363 1337 2395 ea
1353 2349 1578 2407 composita
1600 2362 1713 2394 com-

181 2433 396 2488 plectitur,
429 2446 532 2489 quae
570 2447 596 2477 a
624 2433 829 2490 particula
866 2433 1088 2489 incipiunt3
1137 2432 1313 2476 secundo
1352 2432 1492 2488 generi
1530 2444 1633 2487 quae
1672 2431 1716 2474 in

179 2503 313 2560 priore
343 2502 431 2547 loco
461 2504 633 2548 verbum
663 2502 896 2556 ostendunt,
928 2502 1237 2547 adnumeranda
1267 2503 1381 2553 sunt;
1420 2501 1592 2545 tertium
1622 2500 1715 2545 effi-

181 2573 307 2625 ciunt,
340 2585 514 2628 quorum
534 2586 629 2629 pars
648 2573 758 2628 prior
778 2574 852 2616 aut
872 2585 1021 2617 nomen
1042 2571 1350 2616 substantivum
1371 2573 1444 2614 aut
1465 2570 1716 2614 adiectivum

181 2643 254 2687 est.
324 2643 375 2686 In
412 2642 494 2687 fine
533 2642 851 2700 compositorum
888 2641 1215 2695 substantivum,
1264 2640 1535 2693 adiectivum,
1583 2640 1717 2685 forma

182 2711 385 2758 adiectiva
414 2725 440 2756 a
460 2713 583 2757 verbo
614 2713 738 2757 ducta
766 2713 987 2757 invenitur.
1053 2711 1187 2766 Quare
1228 2724 1356 2767 quum
1387 2711 1615 2768 particulae
1645 2712 1720 2755 aut

181 2782 487 2829 substantivum
517 2784 591 2827 aut
628 2782 879 2828 adjectivum
909 2784 982 2827 aut
1011 2783 1205 2835 verbum,
1238 2782 1361 2827 verbo
1393 2780 1714 2836 substantivum,

178 2854 436 2901 substantivo
465 2856 588 2910 atque
619 2853 820 2897 adiectivo
841 2854 915 2897 aut
934 2852 1241 2896 substantivum
1263 2853 1336 2895 aut
1365 2851 1616 2895 adiectivum
1638 2852 1712 2895 aut

181 2924 353 2970 verbum
379 2923 645 2970 subiunctum
665 2922 733 2978 sit,
766 2922 810 2968 in
830 2922 1069 2969 universum
1091 2921 1231 2967 decem
1253 2921 1402 2983 classes
1423 2919 1718 2977 disiungendae
