1932 3252
933 47 993 119 28*

191 228 257 263 ιος
279 231 321 251 =
344 213 545 256 δυωδεκά
560 236 580 244 -
596 215 731 269 βοιος,
764 216 953 271 τεσσαρά
968 239 987 246 -
1003 218 1140 272 βοιος,
1169 215 1428 268 εἰν-άλ-ιος,
1458 213 1735 269 εἰν-όδ-ιος,

192 282 528 336 ἐπι-χθόν-ιος,
573 283 962 337 κατα-χθόν-ιος,
993 284 1363 339 ἐπ-ομφάλ-ιος,
1410 285 1736 342 ἐφ-ημέρ-ιος,

190 356 518 411 παν-ημὲρ-ιος,
549 354 884 409 κατα-καίρ-ιος,
915 355 1214 408 παν-νύχ-ιος,
1246 352 1622 412 ὑπο·ταρτάρ-ιος,
1653 352 1736 397 ῦπ-

191 423 428 478 ουράν-ιος.
462 421 568 466 Sane
600 422 782 466 dubitari
812 423 930 477 licet,
965 424 1189 480 composita
1210 424 1254 466 iu
1276 439 1341 473 ιος
1372 425 1561 468 cadentia
1589 423 1738 467 huicne

190 491 324 536 ordini
355 491 666 536 adnumeranda
697 492 799 545 sint,
841 507 893 537 an
932 494 976 537 in
1016 494 1257 549 sequentem
1296 492 1471 537 classem
1501 492 1734 538 reiicienda.

188 575 335 606 verum
356 562 520 605 etiamsi
542 562 745 606 adiectiva
773 563 967 617 χθόνιος,
999 561 1117 613 ὅδιος
1134 565 1269 608 cetera
1290 563 1560 619 reperiantur,
1592 565 1735 607 tamen

189 630 225 675 si
270 631 402 675 totam
448 630 785 686 compositionem
832 633 874 675 et
919 632 1129 676 notionem
1167 629 1459 676 vocabulorum
1497 632 1735 689 respexeris,

189 701 292 744 haec
322 700 549 755 composita
580 700 630 744 de
661 701 933 744 substantivis
964 701 1222 745 descendisse
1252 702 1402 754 males,
1440 714 1564 757 quam
1601 702 1650 744 ut
1686 701 1738 744 ab

191 769 406 815 adiectivis
453 769 655 826 originem
693 770 872 814 trahant.
944 770 1134 814 Plurima
1171 770 1294 815 huius
1333 770 1588 815 formationis
1626 783 1738 814 com-

190 841 326 896 posita
346 839 426 882 loci
448 839 515 882 vel
537 839 735 895 temporis
757 839 921 883 notione
950 841 1153 884 instructa
1183 841 1280 883 sunt
1310 840 1440 883 veluti
1471 840 1739 897 ἐναρίθμιος,

191 909 411 962 ἐνύπνιος,
442 908 721 966 μεταδήμιος,
752 910 1064 967 μεταδόρπιος,
1097 908 1293 967 ὑπηοῖος,
1325 908 1612 967 ὁμογάστριος
1642 908 1739 963 alia,

190 980 258 1024 vel
296 981 345 1022 ut
381 978 547 1035 planius
586 979 742 1032 dicam,
783 981 993 1024 hominem
1033 982 1098 1024 vel
1136 994 1224 1024 rem
1262 980 1446 1037 aliquam
1484 981 1536 1024 ad
1582 981 1740 1024 certum

190 1051 330 1094 10011111
361 1049 429 1092 vel
460 1049 625 1104 tempus
656 1051 840 1105 spectare
872 1051 1134 1107 significant3⁴
1159 1063 1285 1106 quare
1316 1051 1528 1095 relationis
1559 1050 1622 1095 vis
1652 1050 1739 1095 suf-

190 1120 271 1163 fixo
293 1136 357 1169 ιος
385 1119 518 1162 1110550
548 1119 722 1163 videtur.
755 1120 799 1162 in
828 1121 1038 1164 vocabulis
1070 1121 1401 1178 δυωδεκάβοιος,
1434 1121 1741 1178 τεσσαράβοιος

191 1191 339 1234 suffixo
371 1205 436 1239 ιος
466 1189 590 1244 pretii
622 1190 869 1246 significatio
902 1191 1138 1246 compositis
1168 1190 1411 1247 iniungitur.
1480 1191 1573 1234 Iam
1606 1190 1740 1234 solum

190 1259 465 1315 compositum
489 1258 717 1315 ἐπετήσιος
737 1260 867 1303 restat
898 1260 1040 1303 eodem
1072 1260 1218 1303 suffixo
1250 1276 1315 1309 ιος
1344 1260 1612 1311 111511110111111;
1644 1258 1740 1302 finis

190 1329 330 1385 stirpis
363 1329 463 1371 ἐτεσ
491 1341 606 1379 vero,
654 1342 748 1371 cum
786 1329 966 1384 quinque
1006 1330 1190 1385 syllabae
1228 1330 1372 1373 breves
1409 1330 1542 1372 metro
1579 1329 1739 1372 heroico

189 1399 356 1443 omnino
387 1411 468 1442 non
499 1398 782 1451 convenirent,
822 1398 865 1441 in
899 1415 947 1457 ης
977 1400 1199 1456 productus
1230 1400 1304 1443 est.
1353 1399 1654 1456 ἐπ-ετήσ-ιος
1698 1415 1737 1436 =

190 1470 530 1518 ἐπ-ετέσ-ιος.
578 1483 708 1521 εἰος,
761 1483 854 1511 εια
906 1470 973 1512 vel
1018 1472 1102 1526 είη
1154 1469 1350 1512 exhibent
1395 1468 1737 1525 κυανο-πραίρ-

189 1556 301 1593 ειος,
347 1538 453 1596 εὔρυ
471 1563 490 1570 -
508 1539 561 1582 οδ
578 1563 596 1570 -
613 1540 703 1596 είη,
751 1537 829 1582 εὗ-
846 1543 1014 1595 πατέρ·
1033 1555 1103 1582 εια
1113 1557 1128 1592 ,·
1173 1539 1444 1583 novissimum
1490 1537 1740 1581 adiectivum

192 1610 228 1652 51
275 1622 369 1652 011111
416 1607 721 1666 ὀβριμοπάτρη
762 1608 1066 1664 componimus,
1115 1609 1288 1652 eandem
1333 1608 1622 1652 formationem
1666 1620 1740 1663 pa-

190 1679 427 1734 ragogicam
473 1679 643 1733 praebet
689 1679 812 1732 11111110
864 1678 1147 1735 Πηνελόπεια
1193 1692 1217 1721 a
1261 1678 1504 1735 Πηνελόπη
1555 1677 1738 1719 ductum.

191 1749 320 1791 Porro
365 1747 563 1791 nonnulla
616 1747 876 1790 substantiva
928 1746 1190 1802 potissimum
1242 1747 1400 1802 primae
1451 1745 1740 1790 declinationis

192 1818 339 1861 suffixo
387 1817 456 1874 η’ς,
503 1820 573 1865 έος
620 1816 946 1871 amplificantur3
994 1833 1091 1860 κενε
1110 1842 1129 1849 -
1148 1834 1231 1871 αυχ
1247 1841 1267 1849 -
1283 1818 1351 1874 ής,
1396 1820 1492 1873 ἑτερ
1510 1841 1528 1848 -
1547 1816 1627 1859 αλκ
1643 1840 1662 1847 -
1680 1817 1740 1874 ής,

191 1886 550 1944 περι-πευκ-ής,
602 1886 930 1944 ἐχε-πευκ-ής,
982 1884 1321 1944 εὐρυ-πυλ-ής,
1367 1886 1741 1944 μελαγ-χροι-ής,

193 1956 530 2013 ἑπτα-πόὸ-ης.
564 1972 608 2006 ις
638 1956 835 2000 suffixum
865 1969 1061 2012 personae
1093 1957 1315 2000 femininae
1347 1956 1550 2012 reperitur
1586 1955 1631 1999 in
1668 1953 1739 1999 εὐ-

192 2029 358 2079 ‹fin-cg,
408 2026 702 2082 βοῈ-ῶπ-ις,
749 2027 1036 2080 κυν-(ὅπ-ις,
1083 2028 1399 2079 κυαν-ῶπ-ις,
1448 2028 1740 2083 ι”ππ-ουρ-ις,

193 2096 457 2146 ἄν-αλκ-ις.
490 2096 715 2152 composita
745 2097 789 2139 in
828 2112 937 2147 ωπις
975 2096 1166 2140 exeuntia
1202 2097 1416 2153 propterea
1454 2095 1739 2152 perispomena

199 2167 316 2218 sunt,
358 2166 465 2221 quod
503 2166 546 2208 in
579 2166 869 2221 compositione
906 2167 1066 2222 syllaba
1104 2166 1302 2221 producta-
1339 2166 1501 2221 saepius
1537 2178 1610 2221 pro
1647 2177 1742 2208 0011-

198 2236 334 2279 tracta
365 2235 487 2278 valet.
523 2234 701 2284 ἄναλκις
731 2248 826 2278 vero
857 2237 1089 2278 memoratu
1128 2235 1300 2290 dignum
1332 2234 1506 2287 videtur,
1540 2234 1647 2290 quod
1677 2247 1743 2278 so-

200 2306 291 2349 lum
323 2319 370 2349 ex
402 2305 478 2348 hoc
499 2304 641 2348 ordine
663 2305 980 2360 compositorum
1003 2305 1129 2348 etiam
1150 2306 1290 2361 generi
1310 2305 1538 2348 masculino
1558 2304 1742 2348 inservit.

201 2376 250 2419 In
282 2375 348 2418 his
380 2387 484 2429 quae
515 2374 635 2418 modo
668 2374 1079 2418 commemoravimus
1112 2374 1346 2431 compositis
1377 2388 1474 2418 vera
1511 2373 1659 2418 'suffixa
1696 2374 1743 2432 ης

197 2448 240 2490 et
261 2462 311 2497 ις,
346 2458 520 2500 quorum
553 2444 731 2487 alterum
753 2445 970 2500 praecipue
1001 2446 1141 2501 generi
1164 2445 1393 2489 masculino
1414 2445 1613 2488 feminino
1636 2444 1740 2487 alte-

195 2530 289 2560 rum
322 2513 508 2567 inservit,
542 2513 748 2559 radicibus
780 2514 1133 2558 substantivorum
1164 2514 1383 2558 subiuncta
1414 2527 1500 2558 esse
1521 2514 1617 2558 inde
1646 2527 1742 2558 con-

194 2586 305 2629 cludi
337 2585 501 2640 potest,
541 2584 649 2638 quod
680 2585 824 2627 eadem
863 2584 1011 2627 suffixa
1048 2585 1189 2639 paullo
1227 2585 1336 2627 infra
1373 2584 1499 2627 etiam
1537 2583 1743 2627 radicibus

195 2654 435 2698 verbalibus
466 2652 609 2696 addita
639 2654 883 2697 videbimus.
935 2654 1043 2696 Tum
1081 2669 1159 2703 εις
1196 2653 1392 2697 suffixum
1423 2654 1584 2709 saepius
1615 2652 1743 2696 decli-

197 2724 377 2767 nationis
409 2723 530 2779 stirpi
562 2723 749 2767 subnecti
781 2724 897 2776 solet,
930 2725 978 2766 ut
1017 2724 1155 2778 copiae
1193 2724 1402 2767 notionem
1440 2722 1640 2766 adiectivo
1677 2722 1743 2764 in-

194 2793 352 2850 iungat.
387 2790 742 2852 α’μφι-γυή-εις,
773 2793 1163 2851 ποτι-φωνή-εις,
1194 2793 1561 2851 βαθυ-δινή-εις.
1610 2790 1740 2834 Deni—

196 2876 276 2923 que
307 2864 434 2906 etiam
466 2879 540 2920 ρος
571 2865 613 2906 01
642 2879 723 2919 μος
754 2864 899 2907 suffixa
932 2863 1276 2920 deprehendimus
1308 2863 1350 2905 in
1383 2861 1618 2919 compositis
1639 2875 1742 2904 πεν-
