<?xml version="1.0" encoding="UTF-8"?>
<!DOCTYPE html PUBLIC "-//W3C//DTD XHTML 1.0 Transitional//EN"
    "http://www.w3.org/TR/xhtml1/DTD/xhtml1-transitional.dtd">
<html xmlns="http://www.w3.org/1999/xhtml" xml:lang="en" lang="en">
 <head>
  <title>
</title>
<meta http-equiv="Content-Type" content="text/html;charset=utf-8" />
  <meta name='ocr-system' content='tesseract 3.04.00' />
  <meta name='ocr-capabilities' content='ocr_page ocr_carea ocr_par ocr_line ocrx_word'/>
</head>
<body>
  <div class='ocr_page' id='page_1' title='image "4737203_0035.png"; bbox 0 0 1932 3252; ppageno 0'>
   <div class='ocr_carea' id='block_1_1' title="bbox 0 2474 20 3252">
    <p class='ocr_par' dir='ltr' id='par_1_1' title="bbox 0 2474 20 3252">
     <span class='ocr_line' id='line_1_1' title="bbox 0 2474 20 3252; baseline 0 0"><span class='ocrx_word' id='word_1_1' title='bbox 0 2474 20 3252; x_wconf 95' lang='lat' dir='ltr'> </span> 
     </span>
    </p>
   </div>
   <div class='ocr_carea' id='block_1_2' title="bbox 944 52 1001 94">
    <p class='ocr_par' dir='ltr' id='par_1_2' title="bbox 944 52 1001 94">
     <span class='ocr_line' id='line_1_2' title="bbox 944 52 1001 94; baseline 0 0"><span class='ocrx_word' id='word_1_2' title='bbox 944 52 1001 94; x_wconf 81' lang='lat'>24</span> 
     </span>
    </p>
   </div>
   <div class='ocr_carea' id='block_1_3' title="bbox 834 110 1116 117">
    <p class='ocr_par' dir='ltr' id='par_1_3' title="bbox 834 110 1116 117">
     <span class='ocr_line' id='line_1_3' title="bbox 834 110 1116 117; baseline 0 0"><span class='ocrx_word' id='word_1_3' title='bbox 834 110 1116 117; x_wconf 95' lang='lat' dir='ltr'> </span> 
     </span>
    </p>
   </div>
   <div class='ocr_carea' id='block_1_4' title="bbox 201 187 1781 2906">
    <p class='ocr_par' dir='ltr' id='par_1_4' title="bbox 201 187 1751 806">
     <span class='ocr_line' id='line_1_4' title="bbox 201 187 1744 250; baseline 0.005 -19"><span class='ocrx_word' id='word_1_4' title='bbox 201 189 394 240; x_wconf 78' lang='lat' dir='ltr'>noscitur,</span> <span class='ocrx_word' id='word_1_5' title='bbox 419 190 462 232; x_wconf 88' lang='lat' dir='ltr'>et</span> <span class='ocrx_word' id='word_1_6' title='bbox 482 189 534 232; x_wconf 90' lang='lat' dir='ltr'>ab</span> <span class='ocrx_word' id='word_1_7' title='bbox 555 187 793 237; x_wconf 86' lang='lat' dir='ltr'>hominibus</span> <span class='ocrx_word' id='word_1_8' title='bbox 814 191 945 235; x_wconf 83' lang='lat' dir='ltr'>doctis</span> <span class='ocrx_word' id='word_1_9' title='bbox 967 192 1211 247; x_wconf 80' lang='lat' dir='ltr'>affirmatur,</span> <span class='ocrx_word' id='word_1_10' title='bbox 1243 194 1315 250; x_wconf 90' lang='lat' dir='ltr'>qui</span> <span class='ocrx_word' id='word_1_11' title='bbox 1334 194 1488 238; x_wconf 81' lang='lat' dir='ltr'>formas</span> <span class='ocrx_word' id='word_1_12' title='bbox 1508 194 1744 250; x_wconf 78' lang='lat' dir='ltr'>primitivas</span> 
     </span>
     <span class='ocr_line' id='line_1_5' title="bbox 201 260 1745 321; baseline 0.003 -19"><span class='ocrx_word' id='word_1_13' title='bbox 201 272 267 311; x_wconf 75' lang='lat' dir='ltr'>as,</span> <span class='ocrx_word' id='word_1_14' title='bbox 300 272 339 312; x_wconf 87' lang='lat' dir='ltr'>a,</span> <span class='ocrx_word' id='word_1_15' title='bbox 370 273 440 303; x_wconf 90' lang='lat' dir='ltr'>am</span> <span class='ocrx_word' id='word_1_16' title='bbox 471 260 598 304; x_wconf 87' lang='lat' dir='ltr'>fuisse</span> <span class='ocrx_word' id='word_1_17' title='bbox 630 274 678 304; x_wconf 89' lang='lat' dir='ltr'>ex</span> <span class='ocrx_word' id='word_1_18' title='bbox 709 261 895 304; x_wconf 88' lang='lat' dir='ltr'>doctrina</span> <span class='ocrx_word' id='word_1_19' title='bbox 924 263 1223 319; x_wconf 83' lang='lat' dir='ltr'>grammaticae</span> <span class='ocrx_word' id='word_1_20' title='bbox 1255 263 1557 321; x_wconf 79' lang='lat' dir='ltr'>comparativae</span> <span class='ocrx_word' id='word_1_21' title='bbox 1587 263 1745 308; x_wconf 77' lang='lat' dir='ltr'>docent.</span> 
     </span>
     <span class='ocr_line' id='line_1_6' title="bbox 202 328 1748 388; baseline 0.002 -15"><span class='ocrx_word' id='word_1_22' title='bbox 202 328 439 373; x_wconf 89' lang='lat' dir='ltr'>Secundum</span> <span class='ocrx_word' id='word_1_23' title='bbox 469 330 659 387; x_wconf 89' lang='lat' dir='ltr'>regulam</span> <span class='ocrx_word' id='word_1_24' title='bbox 690 344 794 386; x_wconf 90' lang='lat' dir='ltr'>quae</span> <span class='ocrx_word' id='word_1_25' title='bbox 825 332 1048 386; x_wconf 86' lang='lat' dir='ltr'>posteriore</span> <span class='ocrx_word' id='word_1_26' title='bbox 1079 333 1264 388; x_wconf 87' lang='lat' dir='ltr'>tempore</span> <span class='ocrx_word' id='word_1_27' title='bbox 1296 334 1346 376; x_wconf 91' lang='lat' dir='ltr'>de</span> <span class='ocrx_word' id='word_1_28' title='bbox 1377 333 1591 378; x_wconf 82' lang='lat' dir='ltr'>adiectivis</span> <span class='ocrx_word' id='word_1_29' title='bbox 1636 346 1748 376; x_wconf 90' lang='lat' dir='ltr'>com-</span> 
     </span>
     <span class='ocr_line' id='line_1_7' title="bbox 202 397 1750 460; baseline 0.003 -18"><span class='ocrx_word' id='word_1_30' title='bbox 202 400 347 456; x_wconf 84' lang='lat' dir='ltr'>positis</span> <span class='ocrx_word' id='word_1_31' title='bbox 378 397 504 452; x_wconf 65' lang='grc'>13161,</span> <span class='ocrx_word' id='word_1_32' title='bbox 536 412 668 456; x_wconf 87' lang='lat' dir='ltr'>genus</span> <span class='ocrx_word' id='word_1_33' title='bbox 698 400 979 445; x_wconf 84' lang='lat' dir='ltr'>masculinum</span> <span class='ocrx_word' id='word_1_34' title='bbox 1010 401 1137 446; x_wconf 91' lang='lat' dir='ltr'>etiam</span> <span class='ocrx_word' id='word_1_35' title='bbox 1160 401 1352 446; x_wconf 86' lang='lat' dir='ltr'>feminini</span> <span class='ocrx_word' id='word_1_36' title='bbox 1372 403 1533 452; x_wconf 82' lang='lat' dir='ltr'>vicibus</span> <span class='ocrx_word' id='word_1_37' title='bbox 1553 402 1750 460; x_wconf 86' lang='lat' dir='ltr'>fungatur</span> 
     </span>
     <span class='ocr_line' id='line_1_8' title="bbox 202 470 1751 527; baseline 0.001 -13"><span class='ocrx_word' id='word_1_38' title='bbox 202 470 427 525; x_wconf 85' lang='lat' dir='ltr'>oportebat.</span> <span class='ocrx_word' id='word_1_39' title='bbox 475 471 666 525; x_wconf 88' lang='lat' dir='ltr'>quamvis</span> <span class='ocrx_word' id='word_1_40' title='bbox 703 470 804 513; x_wconf 87' lang='lat' dir='ltr'>haec</span> <span class='ocrx_word' id='word_1_41' title='bbox 842 471 987 526; x_wconf 89' lang='lat' dir='ltr'>regula</span> <span class='ocrx_word' id='word_1_42' title='bbox 1017 471 1198 514; x_wconf 84' lang='lat' dir='ltr'>Homero</span> <span class='ocrx_word' id='word_1_43' title='bbox 1229 484 1310 514; x_wconf 90' lang='lat' dir='ltr'>non</span> <span class='ocrx_word' id='word_1_44' title='bbox 1347 471 1489 527; x_wconf 89' lang='lat' dir='ltr'>ignota</span> <span class='ocrx_word' id='word_1_45' title='bbox 1510 472 1577 523; x_wconf 83' lang='lat' dir='ltr'>sit,</span> <span class='ocrx_word' id='word_1_46' title='bbox 1609 473 1751 515; x_wconf 88' lang='lat' dir='ltr'>tamen</span> 
     </span>
     <span class='ocr_line' id='line_1_9' title="bbox 202 539 1751 597; baseline 0.001 -13"><span class='ocrx_word' id='word_1_47' title='bbox 202 539 315 584; x_wconf 85' lang='lat' dir='ltr'>haud</span> <span class='ocrx_word' id='word_1_48' title='bbox 346 553 477 595; x_wconf 91' lang='lat' dir='ltr'>pauca</span> <span class='ocrx_word' id='word_1_49' title='bbox 508 539 734 595; x_wconf 87' lang='lat' dir='ltr'>composita</span> <span class='ocrx_word' id='word_1_50' title='bbox 765 539 918 584; x_wconf 84' lang='lat' dir='ltr'>formas</span> <span class='ocrx_word' id='word_1_51' title='bbox 949 539 1170 584; x_wconf 71' lang='lat' dir='ltr'>femininae</span> <span class='ocrx_word' id='word_1_52' title='bbox 1200 541 1506 597; x_wconf 82' lang='lat' dir='ltr'>expresserunt,</span> <span class='ocrx_word' id='word_1_53' title='bbox 1546 542 1670 597; x_wconf 84' lang='lat' dir='ltr'>atque</span> <span class='ocrx_word' id='word_1_54' title='bbox 1706 541 1751 586; x_wconf 88' lang='lat' dir='ltr'>in</span> 
     </span>
     <span class='ocr_line' id='line_1_10' title="bbox 202 609 1750 666; baseline 0.001 -13"><span class='ocrx_word' id='word_1_55' title='bbox 202 610 415 653; x_wconf 87' lang='lat' dir='ltr'>nonnullis</span> <span class='ocrx_word' id='word_1_56' title='bbox 462 609 589 652; x_wconf 89' lang='lat' dir='ltr'>simul</span> <span class='ocrx_word' id='word_1_57' title='bbox 627 609 843 665; x_wconf 84' lang='lat' dir='ltr'>utriusque</span> <span class='ocrx_word' id='word_1_58' title='bbox 880 610 1043 666; x_wconf 85' lang='lat' dir='ltr'>generis</span> <span class='ocrx_word' id='word_1_59' title='bbox 1081 611 1237 654; x_wconf 88' lang='lat' dir='ltr'>formae</span> <span class='ocrx_word' id='word_1_60' title='bbox 1274 610 1465 655; x_wconf 87' lang='lat' dir='ltr'>feminini</span> <span class='ocrx_word' id='word_1_61' title='bbox 1502 610 1591 654; x_wconf 87' lang='lat' dir='ltr'>loco</span> <span class='ocrx_word' id='word_1_62' title='bbox 1630 624 1750 654; x_wconf 86' lang='lat' dir='ltr'>usur-</span> 
     </span>
     <span class='ocr_line' id='line_1_11' title="bbox 202 678 1751 738; baseline 0 -14"><span class='ocrx_word' id='word_1_63' title='bbox 202 681 324 738; x_wconf 88' lang='lat' dir='ltr'>patae</span> <span class='ocrx_word' id='word_1_64' title='bbox 363 680 472 724; x_wconf 89' lang='lat' dir='ltr'>sunt.</span> <span class='ocrx_word' id='word_1_65' title='bbox 521 678 592 723; x_wconf 88' lang='lat' dir='ltr'>sed</span> <span class='ocrx_word' id='word_1_66' title='bbox 639 680 751 723; x_wconf 88' lang='lat' dir='ltr'>certa</span> <span class='ocrx_word' id='word_1_67' title='bbox 787 679 854 724; x_wconf 83' lang='lat' dir='ltr'>lex</span> <span class='ocrx_word' id='word_1_68' title='bbox 900 678 1004 723; x_wconf 88' lang='lat' dir='ltr'>varii</span> <span class='ocrx_word' id='word_1_69' title='bbox 1042 694 1141 724; x_wconf 87' lang='lat' dir='ltr'>usus</span> <span class='ocrx_word' id='word_1_70' title='bbox 1179 679 1308 724; x_wconf 89' lang='lat' dir='ltr'>statui</span> <span class='ocrx_word' id='word_1_71' title='bbox 1346 694 1427 725; x_wconf 91' lang='grc'>11011</span> <span class='ocrx_word' id='word_1_72' title='bbox 1471 681 1618 737; x_wconf 87' lang='lat' dir='ltr'>potest.</span> <span class='ocrx_word' id='word_1_73' title='bbox 1665 679 1751 724; x_wconf 90' lang='lat' dir='ltr'>iam</span> 
     </span>
     <span class='ocr_line' id='line_1_12' title="bbox 204 749 668 806; baseline -0.006 -12"><span class='ocrx_word' id='word_1_74' title='bbox 204 750 393 806; x_wconf 83' lang='lat' dir='ltr'>exempla</span> <span class='ocrx_word' id='word_1_75' title='bbox 423 749 668 804; x_wconf 87' lang='lat' dir='ltr'>sequantur:</span> 
     </span>
    </p>

    <p class='ocr_par' dir='ltr' id='par_1_5' title="bbox 203 818 1753 947">
     <span class='ocr_line' id='line_1_13' title="bbox 346 818 1753 878; baseline 0 -15"><span class='ocrx_word' id='word_1_76' title='bbox 346 836 416 869; x_wconf 72' lang='lat' dir='ltr'>og:</span> <span class='ocrx_word' id='word_1_77' title='bbox 457 819 665 871; x_wconf 68' lang='grc' dir='ltr'><em>ζά-θεος,</em></span> <span class='ocrx_word' id='word_1_78' title='bbox 695 818 968 873; x_wconf 80' lang='grc' dir='ltr'><strong>εὕ-πεπλος,</strong></span> <span class='ocrx_word' id='word_1_79' title='bbox 1001 824 1390 877; x_wconf 83' lang='grc' dir='ltr'><em>τερπι-κέραυνος,</em></span> <span class='ocrx_word' id='word_1_80' title='bbox 1420 821 1753 878; x_wconf 79' lang='grc' dir='ltr'><em>χρυσό-θρονος,</em></span> 
     </span>
     <span class='ocr_line' id='line_1_14' title="bbox 203 887 1518 947; baseline 0 -15"><span class='ocrx_word' id='word_1_81' title='bbox 203 889 508 945; x_wconf 74' lang='grc' dir='ltr'><em>μεγά-θυμος,</em></span> <span class='ocrx_word' id='word_1_82' title='bbox 539 887 867 943; x_wconf 78' lang='grc' dir='ltr'><em>βροτό-λοιγος,</em></span> <span class='ocrx_word' id='word_1_83' title='bbox 897 887 1179 947; x_wconf 79' lang='grc' dir='ltr'><em>εὐρύ-χορος,</em></span> <span class='ocrx_word' id='word_1_84' title='bbox 1210 888 1518 944; x_wconf 80' lang='grc' dir='ltr'>Ἀρκεσί-λαος.</span> 
     </span>
    </p>

    <p class='ocr_par' dir='ltr' id='par_1_6' title="bbox 208 956 1781 1088">
     <span class='ocr_line' id='line_1_15' title="bbox 348 956 1781 1018; baseline 0.001 -17"><span class='ocrx_word' id='word_1_85' title='bbox 348 975 397 1013; x_wconf 90' lang='grc' dir='ltr'>α,</span> <span class='ocrx_word' id='word_1_86' title='bbox 437 975 486 1016; x_wconf 85' lang='grc' dir='ltr'>η.·</span> <span class='ocrx_word' id='word_1_87' title='bbox 540 956 771 1015; x_wconf 78' lang='grc' dir='ltr'><strong><em>α’ντί-βιος</em></strong></span> <span class='ocrx_word' id='word_1_88' title='bbox 813 961 936 1017; x_wconf 81' lang='grc' dir='ltr'>(βίη)</span> <span class='ocrx_word' id='word_1_89' title='bbox 980 960 1200 1012; x_wconf 82' lang='grc' dir='ltr'><em>εὔ-ζωνος</em></span> <span class='ocrx_word' id='word_1_90' title='bbox 1240 961 1404 1018; x_wconf 77' lang='grc' dir='ltr'>(ζώνη)</span> <span class='ocrx_word' id='word_1_91' title='bbox 1450 961 1781 1016; x_wconf 43' lang='grc' dir='ltr'><strong><em>ἐννοσί-γαιος,</em></strong></span> 
     </span>
     <span class='ocr_line' id='line_1_16' title="bbox 208 1027 1581 1088; baseline 0 -15"><span class='ocrx_word' id='word_1_92' title='bbox 208 1032 343 1085; x_wconf 88' lang='grc' dir='ltr'><strong><em>(γαῖα)</em></strong></span> <span class='ocrx_word' id='word_1_93' title='bbox 376 1027 756 1085; x_wconf 78' lang='grc' dir='ltr'><em>βαρβαρό-φωνος</em></span> <span class='ocrx_word' id='word_1_94' title='bbox 787 1030 950 1087; x_wconf 79' lang='grc' dir='ltr'>(φωνή)</span> <span class='ocrx_word' id='word_1_95' title='bbox 980 1030 1329 1088; x_wconf 86' lang='grc' dir='ltr'><strong><em>πολυ-μήχανος</em></strong></span> <span class='ocrx_word' id='word_1_96' title='bbox 1361 1030 1581 1088; x_wconf 85' lang='grc' dir='ltr'><strong><em>(μηχανή).</em></strong></span> 
     </span>
    </p>

    <p class='ocr_par' dir='ltr' id='par_1_7' title="bbox 207 1097 1753 1225">
     <span class='ocr_line' id='line_1_17' title="bbox 348 1097 1753 1156; baseline 0.002 -16"><span class='ocrx_word' id='word_1_97' title='bbox 348 1114 424 1141; x_wconf 89' lang='grc' dir='ltr'><strong><em>ον.·</em></strong></span> <span class='ocrx_word' id='word_1_98' title='bbox 477 1098 703 1152; x_wconf 80' lang='grc' dir='ltr'><em>ἔμ-πεδος</em></span> <span class='ocrx_word' id='word_1_99' title='bbox 733 1099 908 1150; x_wconf 78' lang='grc' dir='ltr'>(πέδον)</span> <span class='ocrx_word' id='word_1_100' title='bbox 951 1097 1262 1156; x_wconf 83' lang='grc' dir='ltr'><strong><em>ὑψι-πὲταλος</em></strong></span> <span class='ocrx_word' id='word_1_101' title='bbox 1301 1099 1530 1152; x_wconf 82' lang='grc' dir='ltr'><strong>(πέταλον)</strong></span> <span class='ocrx_word' id='word_1_102' title='bbox 1570 1097 1753 1156; x_wconf 73' lang='grc' dir='ltr'><em>ἄργυρό-</em></span> 
     </span>
     <span class='ocr_line' id='line_1_18' title="bbox 207 1166 1656 1225; baseline -0.001 -12"><span class='ocrx_word' id='word_1_103' title='bbox 207 1173 331 1222; x_wconf 79' lang='grc' dir='ltr'><em>τοξος</em></span> <span class='ocrx_word' id='word_1_104' title='bbox 362 1169 529 1221; x_wconf 80' lang='grc' dir='ltr'>(τόξον)</span> <span class='ocrx_word' id='word_1_105' title='bbox 560 1166 904 1223; x_wconf 81' lang='grc' dir='ltr'><strong>εἰνοσί-φυλλος</strong></span> <span class='ocrx_word' id='word_1_106' title='bbox 934 1168 1143 1225; x_wconf 78' lang='grc' dir='ltr'><strong>(φύλλον)</strong></span> <span class='ocrx_word' id='word_1_107' title='bbox 1173 1169 1450 1224; x_wconf 83' lang='grc' dir='ltr'><strong>πολύ-ζυγος</strong></span> <span class='ocrx_word' id='word_1_108' title='bbox 1482 1168 1656 1225; x_wconf 80' lang='grc' dir='ltr'>(ζυγόν).</span> 
     </span>
    </p>

    <p class='ocr_par' dir='ltr' id='par_1_8' title="bbox 205 1238 1781 1782">
     <span class='ocr_line' id='line_1_19' title="bbox 346 1238 1752 1296; baseline 0 -13"><span class='ocrx_word' id='word_1_109' title='bbox 346 1238 508 1283; x_wconf 89' lang='lat' dir='ltr'>Deinde</span> <span class='ocrx_word' id='word_1_110' title='bbox 539 1251 671 1294; x_wconf 89' lang='lat' dir='ltr'>pauca</span> <span class='ocrx_word' id='word_1_111' title='bbox 701 1238 906 1283; x_wconf 85' lang='lat' dir='ltr'>adiectiva</span> <span class='ocrx_word' id='word_1_112' title='bbox 936 1239 1161 1295; x_wconf 88' lang='lat' dir='ltr'>composita</span> <span class='ocrx_word' id='word_1_113' title='bbox 1200 1239 1447 1283; x_wconf 87' lang='lat' dir='ltr'>femininum</span> <span class='ocrx_word' id='word_1_114' title='bbox 1475 1239 1655 1283; x_wconf 89' lang='grc'>1311111111·</span> <span class='ocrx_word' id='word_1_115' title='bbox 1679 1251 1752 1296; x_wconf 88' lang='lat' dir='ltr'>ge-</span> 
     </span>
     <span class='ocr_line' id='line_1_20' title="bbox 206 1306 1754 1364; baseline -0.003 -9"><span class='ocrx_word' id='word_1_116' title='bbox 206 1324 285 1355; x_wconf 88' lang='lat' dir='ltr'>nus</span> <span class='ocrx_word' id='word_1_117' title='bbox 315 1306 924 1364; x_wconf 70' lang='grc' dir='ltr'>1011113111111.α’ργυρό-,πεζα</span> <span class='ocrx_word' id='word_1_118' title='bbox 954 1309 1123 1351; x_wconf 86' lang='grc' dir='ltr'><strong><em>κυανό-</em></strong></span> <span class='ocrx_word' id='word_1_119' title='bbox 1104 1311 1261 1362; x_wconf 84' lang='grc' dir='ltr'><strong><em>-πεζα,</em></strong></span> <span class='ocrx_word' id='word_1_120' title='bbox 1292 1307 1425 1363; x_wconf 78' lang='grc' dir='ltr'><em>εὐρυ-</em></span> <span class='ocrx_word' id='word_1_121' title='bbox 1435 1309 1585 1363; x_wconf 69' lang='lat' dir='ltr'>«frma,</span> <span class='ocrx_word' id='word_1_122' title='bbox 1617 1306 1754 1364; x_wconf 76' lang='grc' dir='ltr'><em>ἄμφι-</em></span> 
     </span>
     <span class='ocr_line' id='line_1_21' title="bbox 206 1377 1781 1438; baseline -0.002 -13"><span class='ocrx_word' id='word_1_123' title='bbox 206 1382 330 1438; x_wconf 83' lang='grc' dir='ltr'><strong>λύκη,</strong></span> <span class='ocrx_word' id='word_1_124' title='bbox 362 1378 500 1421; x_wconf 82' lang='grc' dir='ltr'><em>κυνά-</em></span> <span class='ocrx_word' id='word_1_125' title='bbox 508 1393 630 1432; x_wconf 84' lang='grc' dir='ltr'><strong><em>μυια.</em></strong></span> <span class='ocrx_word' id='word_1_126' title='bbox 662 1377 722 1420; x_wconf 84' lang='grc'>1111</span> <span class='ocrx_word' id='word_1_127' title='bbox 750 1377 880 1433; x_wconf 86' lang='lat' dir='ltr'>igitur</span> <span class='ocrx_word' id='word_1_128' title='bbox 909 1378 1219 1421; x_wconf 87' lang='lat' dir='ltr'>substantivum</span> <span class='ocrx_word' id='word_1_129' title='bbox 1250 1378 1441 1421; x_wconf 87' lang='lat' dir='ltr'>feminini</span> <span class='ocrx_word' id='word_1_130' title='bbox 1462 1377 1626 1434; x_wconf 83' lang='lat' dir='ltr'>generis</span> <span class='ocrx_word' id='word_1_131' title='bbox 1644 1377 1754 1423; x_wconf 87' lang='grc'>1111111</span> <span class='ocrx_word' id='word_1_132' title='bbox 1779 1432 1781 1434; x_wconf 22' lang='lat'>¹</span> 
     </span>
     <span class='ocr_line' id='line_1_22' title="bbox 205 1446 1755 1503; baseline -0.003 -9"><span class='ocrx_word' id='word_1_133' title='bbox 205 1450 418 1494; x_wconf 89' lang='lat' dir='ltr'>mutatum</span> <span class='ocrx_word' id='word_1_134' title='bbox 448 1447 558 1502; x_wconf 87' lang='lat' dir='ltr'>parti</span> <span class='ocrx_word' id='word_1_135' title='bbox 588 1446 715 1501; x_wconf 87' lang='lat' dir='ltr'>priori</span> <span class='ocrx_word' id='word_1_136' title='bbox 747 1447 1012 1490; x_wconf 92' lang='lat' dir='ltr'>subiunctum</span> <span class='ocrx_word' id='word_1_137' title='bbox 1049 1448 1132 1499; x_wconf 80' lang='lat' dir='ltr'>est,</span> <span class='ocrx_word' id='word_1_138' title='bbox 1174 1447 1271 1502; x_wconf 91' lang='lat' dir='ltr'>quia</span> <span class='ocrx_word' id='word_1_139' title='bbox 1308 1448 1351 1490; x_wconf 90' lang='lat' dir='ltr'>id</span> <span class='ocrx_word' id='word_1_140' title='bbox 1388 1460 1518 1503; x_wconf 87' lang='lat' dir='ltr'>genus</span> <span class='ocrx_word' id='word_1_141' title='bbox 1555 1447 1755 1490; x_wconf 85' lang='lat' dir='ltr'>vocabula</span> 
     </span>
     <span class='ocr_line' id='line_1_23' title="bbox 206 1515 1756 1572; baseline -0.004 -8"><span class='ocrx_word' id='word_1_142' title='bbox 206 1520 304 1564; x_wconf 87' lang='lat' dir='ltr'>solis</span> <span class='ocrx_word' id='word_1_143' title='bbox 335 1516 547 1561; x_wconf 85' lang='lat' dir='ltr'>femininis</span> <span class='ocrx_word' id='word_1_144' title='bbox 579 1515 676 1559; x_wconf 85' lang='lat' dir='ltr'>addi</span> <span class='ocrx_word' id='word_1_145' title='bbox 707 1515 907 1560; x_wconf 86' lang='lat' dir='ltr'>solebant.</span> <span class='ocrx_word' id='word_1_146' title='bbox 969 1516 1128 1560; x_wconf 86' lang='lat' dir='ltr'>Eadem</span> <span class='ocrx_word' id='word_1_147' title='bbox 1163 1515 1432 1572; x_wconf 90' lang='lat' dir='ltr'>componendi</span> <span class='ocrx_word' id='word_1_148' title='bbox 1468 1515 1574 1559; x_wconf 91' lang='lat' dir='ltr'>ratio</span> <span class='ocrx_word' id='word_1_149' title='bbox 1595 1515 1756 1559; x_wconf 90' lang='lat' dir='ltr'>obtinet</span> 
     </span>
     <span class='ocr_line' id='line_1_24' title="bbox 206 1585 1756 1644; baseline -0.003 -11"><span class='ocrx_word' id='word_1_150' title='bbox 206 1593 251 1634; x_wconf 93' lang='lat' dir='ltr'>in</span> <span class='ocrx_word' id='word_1_151' title='bbox 294 1588 481 1632; x_wconf 86' lang='lat' dir='ltr'>neutrius</span> <span class='ocrx_word' id='word_1_152' title='bbox 520 1587 683 1644; x_wconf 84' lang='lat' dir='ltr'>generis</span> <span class='ocrx_word' id='word_1_153' title='bbox 722 1587 946 1643; x_wconf 86' lang='lat' dir='ltr'>composito</span> <span class='ocrx_word' id='word_1_154' title='bbox 986 1585 1372 1643; x_wconf 74' lang='grc' dir='ltr'><strong>ἄμφι-κύπελλον,</strong></span> <span class='ocrx_word' id='word_1_155' title='bbox 1403 1587 1511 1642; x_wconf 87' lang='lat' dir='ltr'>quod</span> <span class='ocrx_word' id='word_1_156' title='bbox 1541 1600 1636 1630; x_wconf 92' lang='lat' dir='ltr'>cum</span> <span class='ocrx_word' id='word_1_157' title='bbox 1673 1598 1756 1629; x_wconf 89' lang='lat' dir='ltr'>una</span> 
     </span>
     <span class='ocr_line' id='line_1_25' title="bbox 207 1655 1757 1714; baseline -0.003 -10"><span class='ocrx_word' id='word_1_158' title='bbox 207 1673 305 1704; x_wconf 87' lang='lat' dir='ltr'>voce</span> <span class='ocrx_word' id='word_1_159' title='bbox 338 1660 471 1708; x_wconf 80' lang='grc' dir='ltr'><em>δέπας</em></span> <span class='ocrx_word' id='word_1_160' title='bbox 502 1657 767 1701; x_wconf 84' lang='grc'>6011111110111111</span> <span class='ocrx_word' id='word_1_161' title='bbox 798 1656 964 1714; x_wconf 87' lang='lat' dir='ltr'>legitur.</span> <span class='ocrx_word' id='word_1_162' title='bbox 1013 1655 1165 1701; x_wconf 92' lang='lat' dir='ltr'>Omnia</span> <span class='ocrx_word' id='word_1_163' title='bbox 1194 1656 1318 1701; x_wconf 88' lang='lat' dir='ltr'>huius</span> <span class='ocrx_word' id='word_1_164' title='bbox 1348 1656 1510 1714; x_wconf 85' lang='lat' dir='ltr'>generis</span> <span class='ocrx_word' id='word_1_165' title='bbox 1531 1655 1757 1713; x_wconf 88' lang='lat' dir='ltr'>composita</span> 
     </span>
     <span class='ocr_line' id='line_1_26' title="bbox 209 1727 1098 1782; baseline -0.006 -7"><span class='ocrx_word' id='word_1_166' title='bbox 209 1731 427 1775; x_wconf 88' lang='lat' dir='ltr'>accentum</span> <span class='ocrx_word' id='word_1_167' title='bbox 457 1729 502 1771; x_wconf 94' lang='lat' dir='ltr'>in</span> <span class='ocrx_word' id='word_1_168' title='bbox 534 1727 890 1782; x_wconf 86' lang='lat' dir='ltr'>antepaenultima</span> <span class='ocrx_word' id='word_1_169' title='bbox 920 1728 1098 1782; x_wconf 88' lang='lat' dir='ltr'>portant.</span> 
     </span>
    </p>

    <p class='ocr_par' dir='ltr' id='par_1_9' title="bbox 206 1796 1759 2485">
     <span class='ocr_line' id='line_1_27' title="bbox 350 1796 1757 1853; baseline -0.001 -11"><span class='ocrx_word' id='word_1_170' title='bbox 350 1797 565 1842; x_wconf 86' lang='lat' dir='ltr'>Nonnulla</span> <span class='ocrx_word' id='word_1_171' title='bbox 604 1796 866 1840; x_wconf 88' lang='lat' dir='ltr'>substantiva</span> <span class='ocrx_word' id='word_1_172' title='bbox 903 1796 947 1838; x_wconf 93' lang='lat' dir='ltr'>in</span> <span class='ocrx_word' id='word_1_173' title='bbox 988 1812 1013 1853; x_wconf 85' lang='grc' dir='ltr'><em>η</em></span> <span class='ocrx_word' id='word_1_174' title='bbox 1053 1796 1244 1840; x_wconf 83' lang='lat' dir='ltr'>cadentia</span> <span class='ocrx_word' id='word_1_175' title='bbox 1282 1797 1354 1840; x_wconf 93' lang='lat' dir='ltr'>ubi</span> <span class='ocrx_word' id='word_1_176' title='bbox 1401 1798 1701 1853; x_wconf 87' lang='lat' dir='ltr'>componuntur</span> <span class='ocrx_word' id='word_1_177' title='bbox 1737 1813 1757 1846; x_wconf 90' lang='grc' dir='ltr'><strong><em>ς</em></strong></span> 
     </span>
     <span class='ocr_line' id='line_1_28' title="bbox 206 1866 1756 1921; baseline -0.003 -8"><span class='ocrx_word' id='word_1_178' title='bbox 206 1872 394 1913; x_wconf 87' lang='lat' dir='ltr'>litteram</span> <span class='ocrx_word' id='word_1_179' title='bbox 440 1867 668 1910; x_wconf 88' lang='lat' dir='ltr'>assumunt.</span> <span class='ocrx_word' id='word_1_180' title='bbox 717 1867 819 1909; x_wconf 88' lang='lat' dir='ltr'>haec</span> <span class='ocrx_word' id='word_1_181' title='bbox 865 1866 1057 1909; x_wconf 87' lang='lat' dir='ltr'>formatio</span> <span class='ocrx_word' id='word_1_182' title='bbox 1104 1866 1262 1921; x_wconf 92' lang='lat' dir='ltr'>priscae</span> <span class='ocrx_word' id='word_1_183' title='bbox 1309 1866 1530 1910; x_wconf 87' lang='lat' dir='ltr'>vetustatis</span> <span class='ocrx_word' id='word_1_184' title='bbox 1578 1866 1756 1921; x_wconf 89' lang='lat' dir='ltr'>speciem</span> 
     </span>
     <span class='ocr_line' id='line_1_29' title="bbox 208 1935 1753 1998; baseline -0.003 -14"><span class='ocrx_word' id='word_1_185' title='bbox 208 1953 306 1998; x_wconf 86' lang='lat' dir='ltr'>prae</span> <span class='ocrx_word' id='word_1_186' title='bbox 337 1952 380 1983; x_wconf 90' lang='lat' dir='ltr'>se</span> <span class='ocrx_word' id='word_1_187' title='bbox 412 1937 517 1981; x_wconf 87' lang='lat' dir='ltr'>ferre</span> <span class='ocrx_word' id='word_1_188' title='bbox 550 1935 734 1987; x_wconf 60' lang='lat' dir='ltr'>videtum</span> <span class='ocrx_word' id='word_1_189' title='bbox 766 1949 945 1992; x_wconf 87' lang='lat' dir='ltr'>namque</span> <span class='ocrx_word' id='word_1_190' title='bbox 976 1935 1275 1980; x_wconf 88' lang='lat' dir='ltr'>adiectivorum</span> <span class='ocrx_word' id='word_1_191' title='bbox 1307 1935 1476 1980; x_wconf 88' lang='lat' dir='ltr'>illorum</span> <span class='ocrx_word' id='word_1_192' title='bbox 1507 1949 1606 1980; x_wconf 86' lang='lat' dir='ltr'>usus</span> <span class='ocrx_word' id='word_1_193' title='bbox 1644 1935 1753 1993; x_wconf 87' lang='lat' dir='ltr'>apud</span> 
     </span>
     <span class='ocr_line' id='line_1_30' title="bbox 208 2006 1758 2063; baseline -0.002 -10"><span class='ocrx_word' id='word_1_194' title='bbox 208 2012 440 2054; x_wconf 90' lang='lat' dir='ltr'>Homerum</span> <span class='ocrx_word' id='word_1_195' title='bbox 478 2008 753 2063; x_wconf 87' lang='lat' dir='ltr'>perangustus</span> <span class='ocrx_word' id='word_1_196' title='bbox 795 2008 877 2058; x_wconf 81' lang='lat' dir='ltr'>est,</span> <span class='ocrx_word' id='word_1_197' title='bbox 925 2020 1057 2062; x_wconf 89' lang='lat' dir='ltr'>neque</span> <span class='ocrx_word' id='word_1_198' title='bbox 1096 2007 1318 2062; x_wconf 87' lang='lat' dir='ltr'>posteriore</span> <span class='ocrx_word' id='word_1_199' title='bbox 1355 2008 1539 2062; x_wconf 89' lang='lat' dir='ltr'>tempore</span> <span class='ocrx_word' id='word_1_200' title='bbox 1577 2006 1758 2050; x_wconf 82' lang='lat' dir='ltr'>recentia</span> 
     </span>
     <span class='ocr_line' id='line_1_31' title="bbox 209 2075 1757 2136; baseline -0.003 -13"><span class='ocrx_word' id='word_1_201' title='bbox 209 2080 253 2123; x_wconf 85' lang='lat' dir='ltr'>id</span> <span class='ocrx_word' id='word_1_202' title='bbox 284 2092 415 2136; x_wconf 83' lang='lat' dir='ltr'>genus</span> <span class='ocrx_word' id='word_1_203' title='bbox 445 2076 672 2133; x_wconf 88' lang='lat' dir='ltr'>composita</span> <span class='ocrx_word' id='word_1_204' title='bbox 708 2076 806 2120; x_wconf 90' lang='lat' dir='ltr'>ficta</span> <span class='ocrx_word' id='word_1_205' title='bbox 842 2076 950 2119; x_wconf 87' lang='lat' dir='ltr'>sunt.</span> <span class='ocrx_word' id='word_1_206' title='bbox 992 2076 1131 2120; x_wconf 92' lang='lat' dir='ltr'>omnia</span> <span class='ocrx_word' id='word_1_207' title='bbox 1159 2075 1282 2120; x_wconf 86' lang='lat' dir='ltr'>huius</span> <span class='ocrx_word' id='word_1_208' title='bbox 1310 2075 1616 2132; x_wconf 80' lang='lat' dir='ltr'>compositionis</span> <span class='ocrx_word' id='word_1_209' title='bbox 1644 2075 1757 2119; x_wconf 89' lang='lat' dir='ltr'>adie-</span> 
     </span>
     <span class='ocr_line' id='line_1_32' title="bbox 210 2145 1757 2202; baseline -0.003 -9"><span class='ocrx_word' id='word_1_210' title='bbox 210 2150 320 2193; x_wconf 88' lang='lat' dir='ltr'>ctiva</span> <span class='ocrx_word' id='word_1_211' title='bbox 350 2148 394 2191; x_wconf 92' lang='lat' dir='ltr'>in</span> <span class='ocrx_word' id='word_1_212' title='bbox 425 2146 654 2191; x_wconf 89' lang='lat' dir='ltr'>masculino</span> <span class='ocrx_word' id='word_1_213' title='bbox 685 2147 851 2190; x_wconf 89' lang='lat' dir='ltr'>tantum</span> <span class='ocrx_word' id='word_1_214' title='bbox 881 2159 1030 2202; x_wconf 85' lang='lat' dir='ltr'>genere</span> <span class='ocrx_word' id='word_1_215' title='bbox 1061 2145 1195 2201; x_wconf 86' lang='lat' dir='ltr'>posita</span> <span class='ocrx_word' id='word_1_216' title='bbox 1222 2145 1509 2198; x_wconf 80' lang='lat' dir='ltr'>inveniuntur,</span> <span class='ocrx_word' id='word_1_217' title='bbox 1543 2146 1757 2189; x_wconf 90' lang='lat' dir='ltr'>accentum</span> 
     </span>
     <span class='ocr_line' id='line_1_33' title="bbox 209 2212 1759 2273; baseline -0.003 -10"><span class='ocrx_word' id='word_1_218' title='bbox 209 2230 305 2263; x_wconf 79' lang='lat' dir='ltr'>vero</span> <span class='ocrx_word' id='word_1_219' title='bbox 326 2218 371 2261; x_wconf 91' lang='lat' dir='ltr'>in</span> <span class='ocrx_word' id='word_1_220' title='bbox 391 2216 650 2273; x_wconf 87' lang='lat' dir='ltr'>paenultima</span> <span class='ocrx_word' id='word_1_221' title='bbox 670 2217 848 2272; x_wconf 90' lang='lat' dir='ltr'>portant.</span> <span class='ocrx_word' id='word_1_222' title='bbox 901 2212 1149 2272; x_wconf 79' lang='grc' dir='ltr'><strong>εὔμμελίης,</strong></span> <span class='ocrx_word' id='word_1_223' title='bbox 1180 2213 1475 2272; x_wconf 76' lang='grc' dir='ltr'><em>ἀργυροδίνης,</em></span> <span class='ocrx_word' id='word_1_224' title='bbox 1506 2216 1759 2273; x_wconf 72' lang='grc' dir='ltr'><strong><em>βαθυδίνης,</em></strong></span> 
     </span>
     <span class='ocr_line' id='line_1_34' title="bbox 209 2285 1757 2344; baseline -0.002 -12"><span class='ocrx_word' id='word_1_225' title='bbox 209 2289 461 2344; x_wconf 80' lang='grc' dir='ltr'><strong>λεχεποίης,</strong></span> <span class='ocrx_word' id='word_1_226' title='bbox 492 2286 786 2342; x_wconf 82' lang='grc' dir='ltr'><em>μενεχάρμης,</em></span> <span class='ocrx_word' id='word_1_227' title='bbox 819 2287 1111 2342; x_wconf 79' lang='grc' dir='ltr'><strong><em>ἱππιοχαίτης.</em></strong></span> <span class='ocrx_word' id='word_1_228' title='bbox 1151 2285 1216 2328; x_wconf 85' lang='lat' dir='ltr'>his</span> <span class='ocrx_word' id='word_1_229' title='bbox 1247 2285 1456 2328; x_wconf 82' lang='lat' dir='ltr'>vocabulis</span> <span class='ocrx_word' id='word_1_230' title='bbox 1487 2285 1615 2329; x_wconf 83' lang='lat' dir='ltr'>etiam</span> <span class='ocrx_word' id='word_1_231' title='bbox 1646 2298 1757 2329; x_wconf 83' lang='lat' dir='ltr'>com-</span> 
     </span>
     <span class='ocr_line' id='line_1_35' title="bbox 210 2354 1759 2415; baseline -0.001 -14"><span class='ocrx_word' id='word_1_232' title='bbox 210 2358 390 2415; x_wconf 79' lang='lat' dir='ltr'>positum</span> <span class='ocrx_word' id='word_1_233' title='bbox 423 2362 690 2411; x_wconf 85' lang='grc' dir='ltr'><strong><em>κυανοχαῖτα</em></strong></span> <span class='ocrx_word' id='word_1_234' title='bbox 729 2354 1104 2410; x_wconf 79' lang='lat' dir='ltr'>adnumerandum,</span> <span class='ocrx_word' id='word_1_235' title='bbox 1145 2355 1189 2399; x_wconf 91' lang='lat' dir='ltr'>in</span> <span class='ocrx_word' id='word_1_236' title='bbox 1228 2368 1308 2411; x_wconf 88' lang='lat' dir='ltr'>quo</span> <span class='ocrx_word' id='word_1_237' title='bbox 1346 2368 1419 2412; x_wconf 90' lang='lat' dir='ltr'>pro</span> <span class='ocrx_word' id='word_1_238' title='bbox 1457 2355 1589 2400; x_wconf 85' lang='lat' dir='ltr'>forma</span> <span class='ocrx_word' id='word_1_239' title='bbox 1625 2354 1759 2399; x_wconf 91' lang='lat' dir='ltr'>ionica</span> 
     </span>
     <span class='ocr_line' id='line_1_36' title="bbox 210 2426 1450 2485; baseline -0.004 -13"><span class='ocrx_word' id='word_1_240' title='bbox 210 2429 253 2472; x_wconf 91' lang='lat' dir='ltr'>in</span> <span class='ocrx_word' id='word_1_241' title='bbox 287 2445 335 2485; x_wconf 82' lang='grc' dir='ltr'>ης</span> <span class='ocrx_word' id='word_1_242' title='bbox 366 2427 520 2471; x_wconf 88' lang='lat' dir='ltr'>aeolica</span> <span class='ocrx_word' id='word_1_243' title='bbox 550 2426 594 2469; x_wconf 92' lang='lat' dir='ltr'>in</span> <span class='ocrx_word' id='word_1_244' title='bbox 627 2442 655 2469; x_wconf 93' lang='grc' dir='ltr'><strong><em>α</em></strong></span> <span class='ocrx_word' id='word_1_245' title='bbox 687 2426 836 2470; x_wconf 84' lang='grc'>03116116</span> <span class='ocrx_word' id='word_1_246' title='bbox 868 2438 1058 2481; x_wconf 85' lang='lat' dir='ltr'>expressa</span> <span class='ocrx_word' id='word_1_247' title='bbox 1090 2426 1162 2469; x_wconf 86' lang='lat' dir='ltr'>est.</span> <span class='ocrx_word' id='word_1_248' title='bbox 1439 2467 1450 2475; x_wconf 26' lang='grc' dir='ltr'>χ</span> 
     </span>
    </p>

    <p class='ocr_par' dir='ltr' id='par_1_10' title="bbox 210 2495 1760 2765">
     <span class='ocr_line' id='line_1_37' title="bbox 355 2495 1759 2555; baseline -0.001 -14"><span class='ocrx_word' id='word_1_249' title='bbox 355 2497 625 2541; x_wconf 80' lang='lat' dir='ltr'>Substantiva</span> <span class='ocrx_word' id='word_1_250' title='bbox 655 2497 814 2553; x_wconf 90' lang='lat' dir='ltr'>primae</span> <span class='ocrx_word' id='word_1_251' title='bbox 847 2495 1135 2540; x_wconf 84' lang='lat' dir='ltr'>declinationis</span> <span class='ocrx_word' id='word_1_252' title='bbox 1165 2497 1209 2539; x_wconf 92' lang='lat' dir='ltr'>in</span> <span class='ocrx_word' id='word_1_253' title='bbox 1241 2512 1290 2555; x_wconf 79' lang='grc' dir='ltr'>ης</span> <span class='ocrx_word' id='word_1_254' title='bbox 1328 2495 1552 2540; x_wconf 86' lang='grc'>161111111313</span> <span class='ocrx_word' id='word_1_255' title='bbox 1591 2496 1625 2540; x_wconf 87' lang='grc'>61</span> <span class='ocrx_word' id='word_1_256' title='bbox 1664 2509 1759 2540; x_wconf 86' lang='grc'>611111</span> 
     </span>
     <span class='ocr_line' id='line_1_38' title="bbox 212 2563 1760 2622; baseline -0.002 -11"><span class='ocrx_word' id='word_1_257' title='bbox 212 2570 342 2611; x_wconf 86' lang='lat' dir='ltr'>altero</span> <span class='ocrx_word' id='word_1_258' title='bbox 366 2568 562 2611; x_wconf 83' lang='lat' dir='ltr'>vocabulo</span> <span class='ocrx_word' id='word_1_259' title='bbox 596 2568 908 2622; x_wconf 77' lang='lat' dir='ltr'>componuntur,</span> <span class='ocrx_word' id='word_1_260' title='bbox 941 2566 1101 2609; x_wconf 85' lang='lat' dir='ltr'>nullam</span> <span class='ocrx_word' id='word_1_261' title='bbox 1122 2567 1396 2609; x_wconf 85' lang='lat' dir='ltr'>mutationem</span> <span class='ocrx_word' id='word_1_262' title='bbox 1418 2566 1605 2609; x_wconf 85' lang='lat' dir='ltr'>subeunt.</span> <span class='ocrx_word' id='word_1_263' title='bbox 1640 2563 1760 2619; x_wconf 81' lang='grc' dir='ltr'><strong><em>α’γχι-</em></strong></span> 
     </span>
     <span class='ocr_line' id='line_1_39' title="bbox 210 2636 1758 2697; baseline -0.002 -15"><span class='ocrx_word' id='word_1_264' title='bbox 210 2639 419 2697; x_wconf 85' lang='grc' dir='ltr'><strong><em>μαχητής,</em></strong></span> <span class='ocrx_word' id='word_1_265' title='bbox 452 2637 826 2696; x_wconf 82' lang='grc' dir='ltr'><em>ἱππο-κορυστής,</em></span> <span class='ocrx_word' id='word_1_266' title='bbox 858 2636 1253 2696; x_wconf 78' lang='grc' dir='ltr'>χαλκο-κορυστής,</span> <span class='ocrx_word' id='word_1_267' title='bbox 1277 2636 1608 2695; x_wconf 68' lang='grc' dir='ltr'><em>θυμο-ραϊστής,</em></span> <span class='ocrx_word' id='word_1_268' title='bbox 1630 2651 1758 2680; x_wconf 79' lang='grc' dir='ltr'><em>κυνο-</em></span> 
     </span>
     <span class='ocr_line' id='line_1_40' title="bbox 212 2709 399 2765; baseline -0.005 -15"><span class='ocrx_word' id='word_1_269' title='bbox 212 2709 399 2765; x_wconf 80' lang='grc' dir='ltr'>ραϊστής.</span> 
     </span>
    </p>

    <p class='ocr_par' dir='ltr' id='par_1_11' title="bbox 218 2775 1758 2906">
     <span class='ocr_line' id='line_1_41' title="bbox 353 2775 1758 2833; baseline -0.001 -13"><span class='ocrx_word' id='word_1_270' title='bbox 353 2778 371 2833; x_wconf 71' lang='grc' dir='ltr'><strong>ξ</strong></span> <span class='ocrx_word' id='word_1_271' title='bbox 397 2779 462 2821; x_wconf 76' lang='grc'>12.</span> <span class='ocrx_word' id='word_1_272' title='bbox 488 2776 757 2822; x_wconf 79' lang='lat' dir='ltr'>Substantiva</span> <span class='ocrx_word' id='word_1_273' title='bbox 772 2777 1003 2822; x_wconf 86' lang='lat' dir='ltr'>masculina</span> <span class='ocrx_word' id='word_1_274' title='bbox 1020 2778 1063 2822; x_wconf 86' lang='lat' dir='ltr'>et</span> <span class='ocrx_word' id='word_1_275' title='bbox 1086 2776 1287 2821; x_wconf 83' lang='lat' dir='ltr'>feminina</span> <span class='ocrx_word' id='word_1_276' title='bbox 1305 2775 1453 2820; x_wconf 86' lang='lat' dir='ltr'>tertiae</span> <span class='ocrx_word' id='word_1_277' title='bbox 1469 2775 1758 2821; x_wconf 81' lang='lat' dir='ltr'>declinationis</span> 
     </span>
     <span class='ocr_line' id='line_1_42' title="bbox 218 2845 1758 2906; baseline -0.002 -16"><span class='ocrx_word' id='word_1_278' title='bbox 218 2861 323 2905; x_wconf 85' lang='lat' dir='ltr'>quae</span> <span class='ocrx_word' id='word_1_279' title='bbox 353 2849 395 2891; x_wconf 91' lang='lat' dir='ltr'>in</span> <span class='ocrx_word' id='word_1_280' title='bbox 432 2865 454 2892; x_wconf 84' lang='grc' dir='ltr'><em>ν</em></span> <span class='ocrx_word' id='word_1_281' title='bbox 486 2848 639 2892; x_wconf 86' lang='lat' dir='ltr'>cadunt</span> <span class='ocrx_word' id='word_1_282' title='bbox 669 2862 751 2894; x_wconf 88' lang='lat' dir='ltr'>una</span> <span class='ocrx_word' id='word_1_283' title='bbox 773 2849 941 2906; x_wconf 83' lang='lat' dir='ltr'>excepta</span> <span class='ocrx_word' id='word_1_284' title='bbox 961 2862 1058 2891; x_wconf 89' lang='lat' dir='ltr'>voce</span> <span class='ocrx_word' id='word_1_285' title='bbox 1081 2847 1196 2905; x_wconf 77' lang='grc' dir='ltr'><em>φρήν</em></span> <span class='ocrx_word' id='word_1_286' title='bbox 1236 2849 1359 2903; x_wconf 87' lang='lat' dir='ltr'>atque</span> <span class='ocrx_word' id='word_1_287' title='bbox 1381 2847 1528 2904; x_wconf 82' lang='lat' dir='ltr'>stirpes</span> <span class='ocrx_word' id='word_1_288' title='bbox 1550 2845 1758 2889; x_wconf 85' lang='lat' dir='ltr'>vocalibus</span> 
     </span>
    </p>
   </div>
  </div>
 </body>
</html>
