1932 3252
948 123 1005 167 34

196 259 298 305 calis
330 272 402 317 pro
433 259 732 305 coniunctionis
762 261 898 307 vinclo
930 261 1120 308 habenda
1151 265 1232 317 est,
1274 276 1368 308 cum
1400 261 1521 308 aliter
1553 276 1626 320 της
1656 260 1742 306 sus-

198 330 271 386 figi
302 343 383 374 non
415 332 571 386 posset;
615 344 925 388 nonnumquam
964 345 1060 376 vero
1098 332 1226 376 etiam
1268 334 1392 377 metri
1431 346 1553 377 causa
1590 332 1744 375 inserta

197 399 374 451 videtur,
408 401 457 443 ut
487 400 591 444 duae
625 400 809 457 syllabae
842 403 986 446 breves
1018 402 1228 459 proximae
1262 404 1488 446 exstarent:

339 467 746 529 ὑψι-βρεμ-ἑ-της,
779 471 1208 530 exam-psham,
1241 472 1531 530 ἐριβρεμέτης,
1565 485 1746 530 στεροπ-

197 543 482 598 ηγερ·ε’-της,
504 541 967 599 νεφελ-ηγερ-ἑ-της,
991 539 1355 598 αἰει-γεν-ἑ-της,
1388 538 1440 584 εὔ
1448 565 1467 572 -
1476 545 1620 596 μεν-ἑ
1628 557 1745 600 -της,

200 606 588 668 αἰθρη-γεν-ἑ-της,
611 608 954 670 α’ργει-φόι’·της,
979 610 1364 669 α’νδρει-φόν-της,
1395 614 1748 669 κυν-ηγ-έ-της,

190 676 821 739 εὗ-ρρεί-της,βαθυ-ρρεί-της,
835 679 1202 740 α’καλα-ρρεί-της,
1215 681 1428 740 bna-nlmi—
1434 697 1517 740 της,
1535 680 1746 739 ,ἐμ-πυρι-

193 750 359 808 βή-της,
394 751 762 810 τειχεσι-πλή-της
792 751 994 807 (πελάζω,
1027 752 1250 811 ἔπληντο),
1281 753 1585 810 περι-κτί-της,
1617 766 1739 809 περι-

199 821 340 863 κτίται
387 819 527 876 (κτίζω
574 821 689 865 radix
727 823 834 877 κτι),
871 820 1220 880 α’στυ-βοώ-της
1268 821 1437 878 (βοάω),
1484 821 1749 879 συ-βώ-της

200 889 398 946 (βόσκω),
439 891 736 949 πυλ-άρ-της
776 890 1153 948 (ἅρ-αρ-ίσκ-ω),
1196 892 1510 949 δολο-μή-της
1541 890 1749 946 (μάομαι-

199 961 388 1014 μεμαώς,
419 960 535 1004 radix
566 967 668 1015 μα-)
701 963 1104 1020 ποικιλο-μή-της.

342 1030 562 1075 Feminina
592 1031 739 1075 suffixo
772 1048 835 1082 τις
866 1031 1043 1075 formata
1074 1031 1153 1076 duo
1184 1031 1324 1076 inveni
1356 1029 1605 1091 ήερυ·φοῖ-
1618 1047 1677 1082 τις
1708 1032 1765 1075 et·

201 1101 517 1159 δας-πλῆ-τις.
551 1101 601 1145 de
631 1102 855 1146 novissimo
887 1103 1084 1146 vocabulo
1116 1103 1165 1145 cf.
1199 1103 1300 1145 Pott
1331 1103 1386 1154 ΙΙ,
1422 1105 1518 1146 601.

341 1171 540 1216 Eiusdem
571 1172 830 1216 formationis
863 1171 1040 1228 speciem
1081 1172 1209 1216 etiam
1248 1172 1472 1228 composita
1512 1170 1748 1232 ὑψιπέτης,

201 1241 448 1300 ὠκυπέτης,
488 1239 692 1286 ‹datvm-§va
722 1255 819 1298 prae
852 1255 894 1286 se
925 1243 1082 1295 ferunt,
1125 1255 1219 1285 cum
1252 1243 1295 1285 in
1326 1242 1377 1285 iis
1409 1255 1568 1298 quoque
1607 1254 1750 1285 accen-

202 1314 269 1355 tus
300 1312 343 1355 in
376 1312 635 1366 paenultima
665 1311 823 1367 positus
855 1312 920 1355 sit.
983 1312 1085 1355 haec
1116 1311 1326 1363 vocabula,
1362 1312 1556 1367 quoniam
1579 1325 1604 1355 a
1625 1310 1747 1355 verbo

202 1385 429 1436 πέτ-ομαι
460 1381 644 1437 profecta
674 1383 782 1434 sunt,
816 1382 978 1437 proprie
1011 1382 1179 1437 quidem
1210 1385 1391 1438 πετέτης
1421 1382 1589 1425 formari
1626 1381 1749 1424 debe-

201 1452 322 1505 bant,
372 1450 443 1494 sed
481 1463 576 1494 cum
619 1451 763 1506 lingua
808 1464 957 1507 graeca
995 1451 1179 1494 eiusdem
1226 1450 1409 1507 syllabae
1456 1450 1744 1507 repetitionem

202 1534 329 1578 quam
358 1520 539 1564 maxime
569 1520 743 1576 fugeret,
777 1521 912 1564 solum
944 1537 993 1579 ης
1024 1522 1143 1577 stirpi
1175 1521 1333 1564 verbali
1364 1536 1447 1564 πετ
1483 1520 1748 1565 subiunctum

203 1592 276 1635 est,
325 1590 375 1633 In
405 1589 540 1632 tribus
571 1589 613 1632 id
629 1601 759 1645 genus
789 1590 1026 1645 compositis
1048 1590 1254 1633 Homerus
1275 1590 1403 1633 etiam
1424 1590 1601 1633 formam
1623 1588 1749 1632 aeoli-

203 1673 295 1705 cam
325 1659 369 1703 in
401 1674 454 1703 τα
484 1672 556 1714 pro
589 1674 663 1717 της
693 1659 909 1702 cadentem
941 1659 1156 1716 expressit;
1190 1660 1288 1703 sunt
1317 1672 1412 1703 vero
1442 1660 1545 1703 haec
1565 1658 1750 1715 νεφελη-

204 1733 367 1785 γερέτα,
400 1729 639 1786 ἱππηλάτα,
673 1726 887 1772 ὠκυπέτα.

344 1799 560 1843 Postremo
603 1798 831 1842 notandum
873 1801 936 1843 est
975 1799 1180 1842 adiectiva
1219 1800 1276 1842 sic·
1316 1800 1493 1843 formata
1531 1799 1669 1842 omnia
1706 1799 1750 1841 in

203 1869 462 1926 paenultima
494 1870 710 1911 accentum
742 1870 915 1924 portare.

321 1940 352 1994 ξ.
372 1940 440 1982 20,
459 1938 599 1982 Pauca
618 1938 822 1981 adiectiva
839 1939 1065 1994 composita
1082 1952 1186 1993 quae
1205 1939 1362 1994 priscae
1379 1938 1642 1993 antiquitatis
1659 1951 1751 1994 spe-

203 2010 309 2054 ciem
340 2021 438 2065 prae
469 2021 511 2051 se
543 2007 701 2058 ferunt,
747 2020 893 2063 puram
925 2008 1098 2064 stirpem
1130 2008 1325 2052 exhibent
1355 2008 1398 2051 in
1437 2006 1690 2051 nominativo
1727 2018 1757 2049 σ

203 2080 347 2123 littera
383 2070 568 2128 auctam;
609 2075 723 2131 αἶγί-
734 2077 841 2136 λιψ,
882 2076 1153 2132 αἰγί-λιπος,
1186 2078 1432 2130 πολυ-άϊξ,
1462 2077 1751 2129 πολυ-άϊκος,

206 2151 415 2209 νε-ήλυς,
438 2144 682 2207 νε-ήλῦὃος
720 2148 853 2203 (cuius
885 2150 920 2191 θ
946 2148 1055 2191 inter
1086 2148 1188 2192 duas
1228 2149 1388 2193 vocales
1426 2148 1606 2204 positum
1645 2148 1688 2191 in
1728 2148 1752 2189 δ

206 2221 419 2267 mollitum
456 2221 558 2275 est.)
605 2219 914 2277 παρα-βλώψ,
953 2219 1304 2275 παρα-βλῶπος,
1345 2217 1602 2276 ἄπο-ρρώξ,
1643 2216 1752 2262 ἄπο-

205 2293 380 2349 ρρῶγος,
427 2289 710 2348 παρα-πλήξ,
757 2288 1089 2346 παρα-πλῆγος.
1139 2289 1220 2331 tria
1266 2288 1490 2332 novissima
1528 2288 1753 2344 composita

205 2361 372 2417 propter
401 2359 576 2403 ultimae
614 2358 773 2415 pondus
813 2359 989 2415 oxytona
1028 2357 1222 2401 videntur
1264 2372 1370 2411 esse,
1412 2359 1511 2402 dum
1550 2359 1671 2401 tonus
1709 2357 1752 2401 in

206 2431 353 2474 ceteris
384 2432 494 2473 retro
527 2429 674 2486 vergit.

346 2499 581 2544 Adiectivis
611 2499 655 2543 in
687 2514 759 2550 τος
789 2498 1031 2543 cadentibus
1063 2498 1279 2543 simillima
1310 2500 1408 2544 sunt
1438 2513 1486 2543 ea
1515 2498 1751 2555 composita,

207 2584 312 2628 quae
342 2570 471 2614 radici
510 2570 626 2626 gravi
665 2586 690 2612 τ
725 2569 912 2612 litteram
951 2569 1129 2622 addunt,
1171 2583 1195 2612 a
1234 2570 1382 2625 quibus
1421 2571 1464 2612 in
1504 2583 1550 2612 eo
1589 2569 1751 2611 tantum

207 2640 422 2690 differunt,
464 2639 570 2695 quod
602 2638 771 2682 tertiam
804 2638 1124 2683 declinationem
1155 2641 1393 2696 sequuntur.
1457 2640 1558 2683 haec
1596 2651 1754 2694 quoque

207 2709 402 2754 formatio
433 2710 485 2752 ad
516 2709 694 2765 priscam
734 2709 1029 2764 antiquitatem
1068 2710 1244 2765 spectat:
1287 2708 1477 2764 οἶ-γνῶς,
1517 2707 1547 2752 α’
1554 2711 1755 2763 -γνῶτος,

208 2780 438 2839 ἐπι-βλής,
485 2778 763 2838 ἐπι-βλῆτος,
811 2776 997 2838 α’-κμής,
1046 2777 1249 2837 α’κμῆτος,
1291 2776 1485 2838 ιῖ-δμής,
1534 2776 1756 2837 οἷ·δμῆτος

208 2850 310 2902 alia;
342 2850 559 2894 accentum
590 2850 764 2893 ultimae
795 2850 1008 2896 inhaerere
1040 2850 1091 2893 ob
1132 2852 1337 2894 extremae
1380 2850 1563 2906 syllabae
1605 2848 1755 2904 produ-

207 2920 384 2965 ctionem
418 2933 496 2964 non
529 2919 680 2963 mirum
720 2921 792 2963 est.
