1932 3252
919 110 973 151 10

172 253 470 298 assimilatione
491 256 708 300 literarum
729 274 753 315 ρ
776 259 818 301 et
838 274 854 300 ι
883 259 1014 303 forma
1043 260 1178 319 ὑπερρ
1206 264 1315 307 facta
1343 265 1419 317 est,
1450 277 1575 320 quam
1602 266 1720 310 Iones

171 324 215 367 in
249 323 374 381 ὑπεὶρ
404 328 631 370 mutarunt.
698 326 981 384 ὑπείρ-οχος,
1013 330 1311 387 ὑπέρ-οπλος,
1343 333 1619 391 ὑπέρ-μορυς.

315 394 437 448 ὑπὸ,
472 395 741 448 ὑπό-κυκλος
765 397 846 442 ὑπ·
858 400 1006 458 ὄψιος,
1031 401 1297 461 ὑφ-ηρεφής.

209 513 244 554 2.
277 513 332 555 De
364 514 569 556 adiectivis
602 517 830 570 compositis
864 531 964 571 quae
997 520 1125 574 primo
1158 520 1247 562 loeo
1280 520 1442 561 verbum
1475 521 1672 564 exhibent.

312 605 343 659 §
368 607 407 648 6.
440 606 555 649 Haec
575 608 775 651 vocabula
795 623 868 663 pro
890 611 1005 653 varia
1026 611 1331 665 compositionis
1355 612 1512 655 ratione
1542 612 1586 655 in
1607 627 1718 657 com-

170 674 305 731 posita
340 687 538 731 germana
576 677 619 720 et
655 677 889 722 adulterina
926 680 1178 736 disponenda
1216 681 1331 733 sunt,
1372 694 1545 737 quorum
1583 683 1715 728 altera

167 745 346 807 formam
377 745 600 789 radicalem
631 760 942 804 nonnumquam
974 763 996 793 o
1027 750 1158 793 vocali
1180 751 1344 794 auctam
1377 751 1508 794 altera
1528 751 1713 797 flexionis

168 814 346 857 formam
365 816 574 869 praebent.
618 817 751 860 Radix
767 818 947 873 genuina
964 819 1007 861 in
1027 819 1093 862 his
1109 819 1324 862 adiectivis
1341 820 1528 863 offertur:
1551 819 1718 879 αἵθ-οφ

167 882 334 940 (αἴθω)
364 884 588 935 ἑλικ-ῶπις
620 886 796 937 (ἑλίσσω
831 905 870 924 ---
905 887 1069 943 giuda),
1107 888 1276 938 ἑλικτάς
1306 888 1464 944 Benfey
1494 889 1557 941 II,
1600 890 1714 946 299).

166 953 481 1009 μιαι(ν)φόνος.
514 952 747 1012 ἀγαπήνωρ
769 961 786 1005 (
800 954 1018 1012 tirannico),
1054 957 1345 1014 τλη-πόλεμος
1376 956 1579 1014 (τλῆναι).
1613 959 1714 1013 φιλ-

169 1022 352 1079 ήρετμος
375 1023 544 1078 (φιλέω
556 1024 585 1079 ).
618 1024 779 1068 Deinde
800 1026 1000 1069 nonnulla
1021 1027 1158 1079 verba,
1183 1039 1358 1081 quorum
1381 1026 1539 1070 radices
1560 1026 1604 1069 in
1620 1040 1716 1071 con-

168 1092 360 1135 sonantes
392 1094 553 1145 exeunt,
588 1095 854 1149 sequentibus
876 1095 1194 1139 consonantibus
1225 1108 1247 1138 o
1278 1095 1461 1139 vocalem
1483 1098 1710 1140 assumunt.

167 1162 252 1205 Lex
273 1161 386 1204 enim
407 1163 637 1205 communis
669 1165 743 1215 est,
776 1165 823 1206 ut
853 1164 896 1206 in
918 1164 1163 1207 infestarum
1185 1163 1497 1207 consonantium
1519 1177 1715 1209 concursu

168 1231 241 1273 aut
262 1230 415 1273 vocalis
435 1231 711 1274 interficiatur
732 1232 1005 1288 coniungendi
1028 1246 1162 1285 causa,
1182 1234 1255 1276 aut
1275 1233 1429 1288 priores
1450 1235 1716 1278 consonantes

168 1299 385 1343 deleantur
422 1301 472 1343 cf.
513 1301 724 1344 πόδεσσιν
756 1302 798 1344 et
827 1303 1067 1353 πο(ὁ“)σίν.
1130 1302 1247 1345 Neve
1292 1302 1337 1345 in
1375 1302 1439 1345 his
1481 1304 1716 1358 compositis

167 1369 351 1411 extrema
383 1369 534 1412 radicis
565 1371 812 1413 consonante
844 1370 1005 1413 abiecta
1035 1370 1152 1413 radix
1173 1370 1360 1413 funditus
1392 1370 1609 1424 deleretur,
1642 1385 1712 1416 vo-

168 1437 270 1481 calis
301 1451 324 1481 o
355 1438 686 1493 interponeretur
706 1440 930 1494 oportebat.
995 1440 1110 1483 Infra
1140 1440 1283 1483 eadem
1314 1452 1378 1483 res
1409 1440 1562 1483 iterum
1593 1442 1709 1485 nobis

167 1509 362 1561 occurret,
385 1522 423 1564 p.
441 1512 505 1552 17.
526 1509 586 1552 Ex
608 1509 860 1553 carminibus
869 1509 1101 1554 Homericis
1122 1522 1326 1565 perpauca
1347 1510 1434 1553 eius
1455 1510 1713 1554 formationis

167 1577 392 1631 composita
414 1577 582 1633 collegi;
615 1579 712 1620 sunt
733 1579 873 1621 autem
894 1579 1013 1621 haec:
1044 1577 1353 1635 ἁπτ-ο-Ὲεπής
1374 1576 1609 1632 (ἄπτ-ομαι
1631 1577 1712 1634 α’φ-

167 1646 484 1702 αμαρτ-ο-επής
506 1644 794 1702 (ἁμαρτάνω)
817 1645 1128 1696 αἰολ-ό-πωλος
1150 1644 1361 1703 (αἰόλλω)
1393 1646 1716 1702 φιλ-ο-κτέανος

166 1714 341 1771 (φιλέω)
373 1716 745 1771 φυγ-ο-πτόλεμος
776 1716 953 1772 (φεύγω,
986 1716 1181 1773 ἔφυγον).
1245 1715 1403 1769 Quibus
1442 1729 1536 1759 cum
1575 1716 1711 1760 adiec-

166 1784 263 1828 tivis
300 1785 533 1829 Homericis
579 1785 614 1829 si
654 1799 855 1842 magnum
899 1799 1118 1829 numerum
1168 1785 1487 1841 compositorum
1529 1785 1712 1830 eiusdem

165 1855 423 1898 formationis
461 1868 566 1909 quae
605 1856 714 1910 apud
745 1856 989 1910 posteriores
1021 1857 1237 1910 scriptores
1275 1856 1472 1911 leguntur
1502 1856 1712 1910 componi-

165 1937 278 1976 mus,
312 1937 360 1967 ea
377 1924 594 1968 -adiectiva
625 1924 668 1967 in
701 1924 935 1968 novissimis
968 1924 1139 1968 Homeri
1172 1924 1486 1967 formationibus
1526 1924 1714 1968 habenda

164 2006 251 2037 esse
283 1993 432 2036 merito
464 1994 769 2037 contendemus.

306 2064 336 2118 ξ.
372 2066 409 2106 7.
473 2063 608 2107 Maior
647 2064 710 2107 est
741 2077 936 2108 numerus
969 2077 1109 2107 eorum
1141 2064 1458 2116 adiectivorum‚
1491 2076 1595 2119 quae
1627 2065 1712 2107 for-

165 2146 278 2176 mam
317 2133 502 2176 fiexionis
540 2134 754 2188 posteriori
794 2135 901 2189 parti
940 2134 1185 2190 praefigunt.
1227 2135 1302 2177 Est
1341 2134 1453 2177 enim
1491 2134 1569 2186 lex,
1610 2147 1713 2189 quae

165 2203 293 2247 etiam
330 2202 374 2245 in
413 2204 552 2246 nostra
591 2203 735 2260 lingua
774 2204 904 2257 valet,
945 2206 993 2247 ut
1030 2204 1198 2247 nomina
1236 2203 1399 2259 propria
1437 2204 1713 2258 componendo

165 2273 343 2315 formata
382 2272 425 2314 in
456 2273 590 2327 primo
628 2274 715 2317 loco
747 2274 985 2329 saepissime
1023 2273 1319 2329 imperativum
1358 2273 1592 2328 praebeant.
1626 2286 1713 2316 rem

166 2343 426 2386 notissimam
472 2344 520 2385 ut
561 2337 761 2399 exemplis
808 2344 1081 2397 affirmemus,
1135 2356 1265 2399 pauca
1311 2343 1478 2386 nomina
1525 2342 1713 2386 attulisse

165 2412 365 2456 sufficiet:
404 2412 696 2469 Fiirchtegott‚
730 2413 990 2466 Liebetraut,
1025 2414 1239 2470 Traugott.
1287 2412 1445 2466 Quibus
1481 2412 1715 2457 nominibus

165 2481 375 2538 germanis
414 2482 526 2524 omni
574 2495 621 2524 ex
667 2485 783 2537 parte
828 2497 976 2539 graeca
1022 2484 1192 2526 nomina
1233 2482 1483 2535 Μενέλαος,
1529 2481 1716 2536 Ἀγέλαος

166 2550 410 2606 respondere
466 2550 695 2595 Grimmius
742 2553 785 2594 in
830 2554 1049 2608 grammat.
1099 2552 1234 2595 theod.
1279 2550 1342 2602 ΙΙ,
1391 2564 1428 2605 p.
1479 2552 1562 2594 982
1604 2563 1712 2606 seqq.

166 2620 219 2662 ad
241 2619 447 2674 liquidum
471 2620 783 2675 confessumque
804 2622 1006 2676 perduxit.
1052 2622 1250 2676 Idemque
1272 2620 1439 2663 nomina
1460 2633 1543 2675 per-
1559 2633 1638 2671 εσι,
1674 2632 1715 2661 σι

167 2688 233 2732 vel
266 2701 337 2744 per
367 2689 498 2732 solam
519 2689 685 2733 literam
709 2707 724 2733 ι
746 2691 1029 2748 conglutinata
1060 2691 1155 2734 huic
1185 2689 1443 2733 formationis
1472 2689 1612 2746 generi
1644 2688 1717 2731 ad-

168 2759 423 2801 numeranda
455 2773 542 2803 esse
574 2763 683 2803 recte
716 2762 949 2816 suspicatus
982 2763 1062 2813 est3
1096 2762 1190 2816 ipse.
1216 2773 1311 2804 vero
1343 2773 1482 2803 veram
1514 2760 1717 2813 interpre—

166 2829 369 2872 tationem
402 2829 587 2874 invenire
619 2845 699 2874 non
731 2832 876 2888 potuit.
943 2832 1051 2886 Quid
1074 2830 1351 2888 praestantius
1373 2830 1544 2888 cogitari
1567 2829 1714 2885 potest,

166 2912 296 2955 quam
329 2901 376 2942 ut
406 2900 490 2942 iam
522 2902 609 2955 ipsa
642 2902 819 2945 nominis
851 2902 994 2953 forma,
1029 2903 1127 2956 quid
1160 2902 1349 2957 parentes
1380 2901 1430 2944 de
1462 2900 1600 2943 futuro
1631 2898 1717 2942 viro
