1932 3252
915 186 965 227 17

172 329 304 373 solum
335 341 383 371 ex
414 326 489 369 hoc
521 321 741 380 composito
763 326 1029 381 cognoscitur,
1063 323 1134 367 sed
1155 324 1281 367 etiarn
1301 323 1573 380 grammatica
1595 336 1707 367 com-

170 398 356 455 parativa
393 394 664 438 demonstrari
701 395 854 450 potest;
902 394 951 436 cf.
996 406 1099 449 quae
1138 393 1304 437 Curtius
1342 395 1383 437 in
1424 394 1549 446 libro,
1584 406 1707 450 quem

174 467 504 521 Erlauterungen
534 478 583 508 zu
613 464 770 508 meiner
801 462 1064 507 Grammatik
1095 465 1224 515 vocat,
1258 477 1295 518 p.
1330 467 1384 506 49
1417 465 1467 507 de
1497 465 1574 507 hac
1611 478 1708 508 voce

175 534 349 590 scripsit.
413 533 546 589 Stirps
576 532 789 588 primitiva
820 532 926 582 ἑῈος
942 533 1026 583 ‘est3
1059 532 1220 587 proprie
1241 532 1369 588 igitur
1389 533 1574 576 nostrum
1596 546 1708 578 com-

179 604 358 660 positum
405 603 620 659 ἑοσφόρος
657 601 826 645 formari
857 601 1032 644 debebat
1063 604 1105 644 et
1132 601 1304 645 fortasse
1335 602 1457 645 etiam
1492 603 1608 646 nobis
1637 617 1711 659 per

176 690 200 717 ο
229 672 488 718 scribendum
520 673 593 715 est.
644 670 811 714 Etenim
842 684 937 714 cum
967 671 1009 713 in
1041 671 1211 726 antiqua
1239 671 1473 715 litterarum
1509 674 1710 728 scriptura

182 742 337 787 eisdem
358 742 487 799 signis
533 745 574 783 E
593 741 635 784 et
658 744 694 783 0
716 740 877 784 vocales
907 740 1051 783 breves
1081 741 1124 783 et
1153 740 1299 796 longae
1330 756 1365 793 ε,
1397 757 1421 784 o
1444 743 1485 784 et
1506 756 1545 799 η,
1579 760 1611 785 ω
1644 756 1712 786 ex-

180 812 467 868 primerentur,
482 827 485 829 ·
500 810 620 854 facile
651 809 741 853 fieri
771 809 918 865 potuit,
950 810 998 852 ut
1027 809 1179 864 posteri
1209 822 1342 853 errore
1374 810 1487 853 ducti
1518 828 1541 854 ο
1565 813 1716 856 vocalis

179 883 223 926 in
253 882 341 925 loco
371 898 405 923 ω
436 880 743 924 substituerent.
812 879 902 921 Iam
933 891 1028 921 vero
1059 892 1106 921 ex
1137 879 1307 922 flexione
1338 880 1552 923 nominum
1581 882 1624 924 in
1645 883 1717 933 εύς

184 951 419 996 cadentium
450 951 620 1007 apparet
649 950 780 1006 prisco
811 949 844 992 F
875 962 966 992 eam
999 949 1084 992 vim
1113 948 1296 1003 infuisse,
1329 952 1377 993 ut
1407 953 1480 994 aut
1509 967 1530 994 ε
1552 965 1716 1007 praece-

178 1023 278 1066 dens
307 1023 351 1065 in
383 1038 408 1080 η
430 1023 503 1065 aut
523 1037 547 1065 o
579 1034 751 1076 sequens
769 1020 823 1063 *in
844 1037 877 1062 ω
898 1019 1199 1075 produceretur.
1223 1020 1438 1076 βασιλεύς,
1466 1022 1716 1078 βασιλεΕος,

181 1093 410 1150 βασιλῆος,
440 1091 663 1149 βασιλέως.
725 1090 858 1134 eidem
889 1090 1053 1134 litterae
1085 1090 1118 1133 F
1149 1090 1463 1135 adscribendum
1495 1094 1575 1144 est,
1610 1094 1718 1148 quod

179 1164 297 1207 Iones
333 1176 405 1219 pro
437 1163 495 1206 ἑοῖ
497 1180 516 1213 ς
546 1160 630 1220 ἠώς
649 1162 932 1217 loquebantur.
989 1161 1147 1214 Quibus
1168 1162 1290 1204 rebus
1310 1162 1419 1204 inter
1440 1175 1483 1206 se
1505 1175 1718 1218 compara-

177 1233 233 1276 tis
264 1232 390 1276 etiam
420 1230 557 1275 nostro
587 1231 631 1287 in
662 1231 859 1274 vocabulo
890 1246 914 1273 o
945 1233 1109 1286 propter
1140 1232 1174 1274 F
1205 1232 1452 1275 exstinctum
1484 1232 1527 1274 in
1559 1249 1592 1274 ω
1625 1246 1718 1287 pro-

180 1302 351 1345 ductum
383 1301 470 1345 veri
501 1300 763 1344 simillimum
794 1300 958 1343 videtur
988 1313 1086 1344 esse.

297 1371 343 1415 Si
373 1370 478 1414 duae
509 1370 776 1414 consonantes
806 1368 885 1413 sibi
916 1369 1089 1413 infestae
1128 1371 1392 1424 concurrunt,
1439 1371 1586 1426 stirpes
1618 1371 1719 1415 dua—

179 1454 273 1485 rum
301 1441 554 1498 syllabarum
583 1442 809 1485 extremam
837 1442 1127 1485 consonantem
1158 1442 1415 1497 exstinguere
1445 1441 1590 1493 solent,
1625 1456 1720 1486 cum

178 1512 236 1555 sic
266 1523 425 1567 quoque
456 1523 598 1555 sensus
629 1509 775 1566 prioris
805 1509 993 1554 vocabuli
1014 1509 1197 1567 intelligi
1224 1511 1364 1566 possit.
1400 1510 1720 1569 μελί(τ)-φρων,

181 1580 513 1639 ὃαΐ(δ)-φρων,
559 1580 960 1639 μενο(σ)-Ὲεικής,
1007 1579 1443 1639 ὀνομά(τ)-κλυτος,
1482 1583 1721 1639 χειμά(τ)-

180 1667 350 1708 ρροος,
375 1652 477 1707 αἱμο
495 1676 510 1683 -
527 1652 742 1708 φόρυκτος
779 1651 894 1695 6111113
933 1666 960 1694 α
999 1652 1180 1695 extrema
1220 1652 1362 1695 littera
1401 1669 1425 1694 τ
1461 1651 1622 1695 abiecta
1659 1665 1723 1696 se-

181 1721 323 1777 quenti
350 1720 482 1764 vocali
512 1736 536 1763 o
568 1720 843 1764 assimilatum
875 1722 949 1764 est.
997 1721 1046 1763 In
1078 1721 1276 1777 stirpibus
1304 1721 1599 1778 monosyllabis
1628 1735 1722 1765 vero

181 1791 224 1835 id
268 1790 357 1833 fieri
402 1803 483 1834 non
528 1790 682 1845 potuit,
731 1791 839 1846 quod
885 1791 1046 1846 saepius
1092 1791 1135 1834 in
1181 1792 1411 1847 complures
1457 1792 1725 1835 consonantes

182 1862 342 1914 exeunt,
375 1861 436 1904 ita
465 1862 513 1905 ut
543 1873 683 1905 01111163
715 1862 981 1905 consonantes
1013 1862 1210 1905 delendae
1242 1862 1428 1916 fuissent,
1463 1862 1651 1918 quodque
1681 1863 1724 1905 in

183 1930 300 1973 nulla
329 1930 372 1973 id
402 1943 532 1986 genus
563 1931 690 1986 stirpe
726 1932 908 1974 extrema
939 1944 1162 1974 consonans
1194 1931 1400 1988 exstingui
1430 1932 1584 1987 potest,
1625 1931 1724 1986 quin

182 2012 341 2052 36113113,
368 2003 509 2043 earum
554 2000 719 2043 omnino
766 1999 964 2043 deleatur.
1011 2013 1136 2056 quare
1175 2017 1199 2044 o
1240 2001 1392 2044 vocalis
1429 2000 1526 2044 addi
1565 2000 1736 2044 debuit.=

182 2068 485 2126 a'vcrqo-godwg,
517 2067 842 2127 ἅνδρό-κμητος,
874 2071 1217 2127 namo-movetis,
1248 2070 1563 2127 παιδο-φόνος,
1595 2085 1722 2113 κυνο-

182 2138 382 2198 ραΐστηςς
412 2139 520 2196 quod
549 2138 670 2183 modo
708 2138 887 2183 diximus
925 2139 1051 2184 etiam
1082 2140 1126 2183 in
1164 2141 1388 2196 composita
1427 2138 1528 2198 ἦερο
1542 2146 1726 2196 -φοῖτις,

186 2207 498 2267 ήερο-Εειδής,
537 2209 886 2266 γλακτο-φάγος,
918 2210 1171 2265 κυνά-μυια
1202 2210 1322 2254 cadit.
1356 2211 1399 2254 in
1431 2210 1727 2271 γλακτοφάγος

190 2278 352 2334 γαλακτ
379 2279 423 2322 111
456 2278 587 2333 γλακτ
615 2280 871 2325 contractum
904 2281 985 2334 est,
1018 2280 1237 2335 κυνάμυια
1266 2294 1361 2325 vero
1383 2281 1563 2337 priscum
1596 2294 1622 2321 α
1653 2287 1725 2331 pro

188 2364 212 2391 o
250 2349 430 2405 praebet.
500 2349 656 2392 Eadem
694 2350 846 2393 vocalis
884 2351 1011 2393 etiam
1048 2351 1091 2393 in
1130 2351 1365 2406 compositis
1403 2352 1726 2403 ποδά-νιπτρον

189 2431 235 2472 σ,
275 2419 361 2463 504
399 2419 441 2462 et
477 2418 521 2462 in
559 2418 761 2463 adiectivo
797 2417 1110 2480 α’καλαρρείνίης
1145 2434 1192 2465 ex
1230 2418 1388 2472 ἄκαλύς
1423 2422 1465 2465 et
1500 2424 1583 2479 ῥὲω
1620 2431 1728 2463 60111-

187 2489 319 2545 posito
363 2490 575 2545 reperitur.
631 2490 680 2533 cf.
729 2504 831 2546 quae
878 2504 1002 2547 supra
1055 2491 1104 2534 de
1156 2492 1390 2547 compositis
1445 2489 1730 2548 ἐλαφηβόλος,

191 2559 391 2618 νεηγενής
422 2560 498 2604 etc.
530 2559 658 2603 locuti
689 2573 842 2604 sumus.
905 2560 984 2604 His
1016 2560 1251 2617 compositis
1276 2561 1402 2605 etiam
1426 2559 1732 2617 ἁρματοπηγός

189 2629 543 2673 adnumerandum
574 2630 649 2682 est,
682 2630 753 2673 ubi
783 2630 908 2673 metri
939 2643 1061 2674 causa
1093 2646 1116 2673 ο
1148 2630 1337 2673 additum
1362 2632 1435 2674 est.
1508 2631 1598 2673 Iam
1630 2641 1732 2672 non-

190 2699 307 2743 nulla
343 2699 567 2755 composita
604 2700 781 2753 restant,
822 2712 997 2755 quorum
1034 2699 1224 2743 formatio
1263 2699 1531 2755 componendi
1570 2691 1732 2754 legibus

147 2764 158 2769 ⁷
192 2769 358 2812 omnino
388 2769 602 2825 repugnat.
666 2768 833 2812 Etenim
864 2769 964 2812 dum
994 2770 1038 2812 in
1076 2769 1323 2826 praegressis
1362 2784 1385 2811 o
1425 2768 1733 2825 compositionis

192 2839 346 2883 vocalis
376 2851 539 2895 perraro
577 2840 743 2883 tantum
781 2852 908 2895 eaque
946 2840 989 2882 in
1028 2839 1282 2897 compositis,
1314 2852 1417 2894 quae
1457 2838 1732 2895 coniungendi

190 2908 325 2952 vinclo
356 2922 493 2952 carere
524 2921 604 2953 non
635 2910 842 2965 poterant,
876 2909 993 2952 nobis
1024 2908 1218 2962 occurrit,
1251 2908 1412 2951 illudaeo
1444 2909 1488 2950 in
1519 2907 1733 2951 adiectivis

192 2976 508 3038 ἁλιο-τρεφής,
547 2971 889 3038 ἐλεό-θρείττος,
927 2980 1191 3037 κεραο-ξόος
1230 2992 1581 3035 supervacaneum
1612 2980 1735 3033 atque

1591 3059 1615 3099 2
