1932 3252
941 207 967 247 6

175 344 345 400 quidem
374 343 589 387 ἎΓΧΟΤ
605 344 753 395 sonuit,
786 344 831 386 in
862 346 1000 388 nostro
1022 346 1246 400 composito
1267 360 1363 392 vero
1384 348 1404 391 t
1422 347 1546 390 litera
1565 346 1726 391 abiecta

172 414 216 456 in
251 413 352 468 ἄγχε
370 413 548 456 transiit.
573 425 753 468 namque
785 413 1017 458 ablativum
1040 414 1167 458 etiam
1189 416 1299 469 apud
1321 416 1497 460 Graecos
1519 415 1725 459 exstitisse

172 496 221 524 ex
261 481 409 524 multis
451 481 659 524 vocabulis
704 481 977 525 demonstrari
1022 484 1174 538 potest3
1224 484 1291 526 cui
1321 485 1381 527 rei
1419 486 1605 542 exemplo
1642 485 1727 528 sint

181 551 384 595 vocabula
416 549 738 605 ἄλλοδ-από-ς,
771 548 1040 609 ἡμεδ-απός,
1072 552 1317 607 ἐχθοδοπός
1352 571 1391 592 =
1426 555 1729 609 ἐχθοδ-απο-(ς

182 619 496 677 τηλεδ-ἅπό-ς,
528 619 866 676 ἐνδ(οδ)-από·ς,
895 621 1034 671 καλῶς
1058 639 1098 658 =
1130 620 1296 674 καλωτς
1326 619 1398 664 sed
1427 619 1537 664 infra
1565 621 1727 677 plenius

181 691 232 734 de
263 691 341 734 hoc
372 704 468 734 casu
500 690 735 734 disseretur.
770 692 861 734 tum
883 688 985 745 ἄγχε
1016 690 1281 735 simillimum
1312 690 1420 734 esset
1441 690 1634 735 adverbio
1663 691 1726 735 la-

178 761 266 803 tino
286 761 330 803 in
362 773 384 803 e
415 759 607 811 cadente,
641 760 765 811 bene,
798 760 928 812 male,
962 759 1056 802 aliis
1093 772 1196 815 quae
1235 772 1283 802 ex
1322 759 1465 803 eodem
1504 773 1600 805 casu
1635 774 1726 817 pro-

181 829 291 872 fecta
329 830 437 871 sunt.

319 897 436 955 ἄψο,
478 897 579 940 haec
615 897 747 940 forma
778 897 913 952 qualis
943 897 987 940 in
1018 897 1243 953 composito
1282 895 1554 956 ἅψό-ρροος
1578 901 1724 953 exstat,

185 966 403 1023 primitiva
433 965 599 1009 videtur
629 979 729 1019 esse,
763 979 867 1021 quae
898 967 1082 1022 tempore
1103 967 1347 1022 procedente
1378 968 1421 1011 in
1454 968 1525 1027 ἄψ
1545 970 1730 1025 correpta

185 1038 259 1082 est.
292 1036 341 1080 cf.
373 1035 484 1079 Pott.
519 1036 584 1079 Et.
621 1036 666 1079 F.
701 1037 743 1079 II
765 1050 803 1092 p.
841 1037 936 1089 132,
971 1037 1056 1079 316
1088 1037 1131 1080 et
1164 1037 1322 1093 Benfey
1353 1038 1386 1081 I.
1421 1040 1519 1092 277,
1552 1051 1728 1095 quorum

180 1108 287 1151 alter
318 1106 390 1163 ἄψ
412 1105 654 1149 adverbium
687 1106 739 1148 ad
762 1103 852 1148 α’πό
872 1106 1048 1159 revocat,
1082 1106 1188 1150 alter
1209 1107 1261 1150 ab
1284 1105 1340 1150 αὐ
1359 1107 1426 1151 vel
1458 1105 1551 1151 a'Fa
1570 1108 1728 1165 profec-

180 1178 272 1220 tum
304 1190 392 1220 esse
423 1177 573 1220 censet.
617 1176 667 1219 de
698 1176 828 1219 altero
860 1175 1084 1231 composito
1123 1177 1232 1231 quod
1262 1177 1395 1232 primo
1432 1178 1521 1221 loco
1553 1177 1624 1235 ἄψ
1655 1179 1729 1222 ad—

182 1246 372 1289 verbium
403 1246 575 1301 praebet
606 1245 805 1303 ἄψορρος
825 1244 1008 1288 dubitari
1037 1246 1186 1301 potest,
1219 1247 1361 1289 utrum
1381 1247 1426 1290 in
1448 1246 1519 1305 ἄψ
1539 1248 1581 1291 et
1603 1264 1729 1305 ορρος

181 1329 234 1358 an
265 1315 309 1358 in
356 1313 452 1371 ἄψο
485 1316 527 1358 et
556 1331 631 1371 ρος
661 1315 988 1370 dispertiendum
1027 1315 1092 1358 sit.
1134 1315 1239 1358 mihi
1276 1328 1372 1359 vero
1402 1316 1478 1359 illa
1508 1316 1727 1372 explicatio

179 1383 448 1440 praeferenda
478 1384 654 1436 videtur,
687 1384 796 1439 quod
817 1384 942 1427 eundi
962 1384 1075 1428 notio
1097 1384 1191 1428 usui
1211 1384 1432 1429 Homerico
1462 1385 1597 1442 magis
1628 1387 1726 1442 apta

181 1455 245 1497 est
275 1467 400 1509 quam
439 1453 614 1506 fluendi,
655 1453 843 1508 quodque
874 1454 910 1497 si
942 1469 1069 1510 ορρος
1106 1454 1159 1496 ad
1190 1453 1440 1511 ὄρ-νυσθαι
1475 1467 1725 1509 revocamus,

185 1524 313 1566 etiam
344 1523 478 1565 forma
508 1523 631 1566 huius
662 1522 879 1577 compositi
910 1523 1139 1565 ceterorum
1170 1521 1355 1566 eiusdem
1383 1523 1546 1579 generis
1576 1524 1730 1568 forma-

182 1592 285 1636 tioni
316 1592 473 1647 optime
495 1592 685 1648 congruit
707 1591 1055 1647 (παλίν-ορσος),
1080 1592 1180 1634 dum
1198 1592 1330 1635 altera
1350 1604 1399 1635 ex
1415 1593 1533 1647 parte
1553 1593 1597 1636 in
1617 1594 1733 1637 nullo

187 1661 268 1705 alio
300 1661 524 1717 composito
556 1661 672 1704 cuius
703 1674 798 1716 pars
837 1660 1016 1704 secunda
1046 1674 1071 1704 a
1100 1661 1224 1705 verbo
1246 1661 1475 1715 descendit,
1509 1677 1584 1713 οος
1612 1662 1656 1706 in
1687 1679 1733 1713 ος

191 1731 460 1774 debilitatum
491 1732 563 1774 est.

325 1799 423 1856 ἄρτι
464 1801 527 1843 est
565 1800 767 1843 locativus
805 1799 999 1843 adiectivi
1038 1798 1175 1855 Ἀρτος
1219 1801 1351 1855 aptus.
1400 1802 1566 1857 etymon
1608 1802 1735 1845 huius

184 1871 370 1914 adverbii
391 1871 443 1914 ad
465 1872 592 1914 verba
614 1868 883 1927 ἇρ-αρ-ίσκω,
908 1868 1095 1926 α’ρ-θμός
1115 1870 1285 1925 spectat.
1310 1867 1585 1928 α’ρτι-Ἐεπής,
1618 1869 1733 1928 ἀρτί-

186 1957 245 1984 πο
252 1957 297 1991 υς
328 1940 478 1998 (ἅρτί-
487 1941 593 1997 πος)
603 1974 615 1994 ,
649 1938 769 1995 ἄρτί-
780 1955 915 1996 φρων.

326 2006 399 2069 ἦρι
437 2011 546 2066 quod
585 2010 629 2053 in
675 2009 764 2053 solo
803 2009 1027 2065 composito
1057 2007 1309 2067 ἦρι-γένεια
1339 2010 1475 2054 exstat
1504 2010 1556 2054 ad
1585 2023 1734 2054 nomen

186 2083 262 2136 ἔαρ
285 2081 352 2124 vel
384 2075 436 2139 ἦρ
467 2080 729 2124 referendum
761 2092 848 2123 esse
879 2092 999 2123 nemo
1030 2079 1202 2123 fortasse
1225 2079 1405 2135 negabit.
1436 2080 1591 2123 etenim
1612 2080 1733 2124 sicuti

183 2151 227 2193 in
258 2151 398 2194 nostra
430 2163 590 2205 quoque
623 2150 768 2205 lingua
798 2149 936 2192 Friihe
969 2149 1011 2191 et
1032 2148 1239 2204 Frfihling
1268 2148 1477 2203 proximae
1507 2150 1733 2193 necessitu-

184 2219 293 2263 dinis
324 2220 460 2262 vinclo
491 2219 774 2270 continentur,
815 2218 876 2261 ita
907 2217 1034 2261 etiam
1066 2217 1175 2272 apud
1207 2216 1385 2261 Graecos
1424 2215 1733 2263 substantivum

187 2285 237 2347 ἦρ
269 2289 345 2332 illa
375 2288 574 2332 matutini
594 2288 792 2343 temporis
813 2287 978 2330 notione
1010 2287 1204 2330 ornatum
1234 2286 1360 2330 fuisse
1381 2287 1603 2340 contend0;
1636 2288 1730 2331 tum

185 2355 256 2417 ἦρι
286 2371 359 2413 pro
390 2357 529 2400 dativo
562 2358 629 2400 vel
659 2357 836 2400 locativo
866 2356 1153 2411 accipiendum
1183 2356 1257 2399 est.
1291 2356 1438 2400 melior
1467 2356 1568 2400 haec
1598 2356 1730 2400 inter-

183 2428 361 2484 pretatio
399 2427 504 2470 mihi
543 2427 707 2471 videtur
743 2440 870 2483 quam
908 2426 985 2470 illa
1022 2426 1170 2471 Benfei
1208 2439 1289 2482 qua
1326 2439 1398 2482 pro
1438 2425 1537 2485 ἤροι
1577 2427 1731 2472 dictum

185 2499 233 2541 ad
269 2498 521 2541 adjectivum
541 2495 664 2553 Ἠρος
696 2497 976 2550 (matutinus),
1008 2495 1285 2540 revocandum
1308 2496 1373 2539 sit.
1404 2520 1406 2522 >

327 2567 512 2623 ἴφθιμος
542 2567 763 2624 singularis
802 2567 866 2611 est
903 2566 1115 2620 formatio,
1157 2565 1273 2610 cuius
1313 2578 1408 2622 pars
1446 2566 1646 2622 posterior
1683 2568 1735 2611 ad

182 2651 333 2682 nomen
366 2639 469 2695 τιμή
499 2638 668 2692 spectat,
702 2638 837 2693 prima
867 2650 962 2680 vero
994 2636 1155 2693 syllaba
1186 2634 1238 2692 ἰφ
1278 2636 1331 2679 ad
1361 2649 1510 2681 nomen
1550 2636 1589 2687 ’ίς
1618 2650 1733 2681 revo-

184 2708 314 2751 canda
345 2708 419 2751 est.
454 2707 531 2750 hoc
562 2707 672 2750 enim
705 2708 748 2749 in
781 2706 1004 2762 composito
1037 2705 1370 2750 instrumentalis
1400 2700 1471 2761 ἶφι
1490 2725 1493 2729 ’
1509 2706 1633 2750 litera
1664 2720 1734 2751 ex-

183 2779 318 2822 trema
349 2779 513 2822 abiecta
553 2778 604 2820 ad
636 2778 962 2833 componendum
1000 2777 1213 2821 adhibitus
1254 2778 1327 2820 est.
1391 2776 1729 2820 Instrumenta-lis

184 2848 345 2903 integer
375 2849 510 2891 exstat
541 2847 585 2889 in
615 2848 852 2890 nominibus
884 2846 1059 2902 propriis
1089 2844 1364 2901 Ἰφιάνασσα,
1395 2843 1619 2902 Ἰφιδάμας
1657 2847 1731 2889 etc.

322 2917 480 2970 πάλιν,
527 2916 570 2966 3ς
608 2914 800 2960 τούπίσω
839 2916 887 2959 ut
928 2915 1197 2959 Aristarchus
1230 2928 1351 2959 usum
1389 2914 1520 2961 huius¹
1550 2914 1733 2958 adverbii

179 2986 513 3043 circumscripsit
548 2999 640 3032 eam
672 2985 799 3029 solam
833 2985 1107 3031 mutationem
1138 2985 1262 3037 subit,
1295 2986 1342 3028 ut
1373 2984 1639 3041 sequentibus
1672 2984 1729 3029 11·-
