1932 3252
964 176 989 218 2

196 315 307 357 sunt.
334 312 549 366 ἀντίθεος,
582 312 796 366 ἀντάξιος,
820 312 1075 369 ἀμφίθετος,
1098 312 1405 371 αἰλεσίκαρπος,
1432 314 1741 369 χρυσόθρονος,

193 383 455 435 θεοείκελος,
489 382 753 437 ἱππόδαμος,
786 382 1082 440 πολύκαρπος,
1103 381 1438 436 πολυδαίδαλος,
1459 381 1739 440 πολύτλητος.

195 451 275 495 Sed
308 451 494 495 diversae
525 451 624 494 illae
646 451 797 494 classes
819 453 893 495 aut
914 452 1047 507 priore
1079 452 1152 494 aut
1172 450 1394 506 posteriore
1414 452 1531 505 parte
1560 452 1669 495 inter
1697 464 1740 494 se

195 523 439 576 congruunt.
493 521 640 575 Itaque
672 533 722 563 ne
754 533 858 575 quae
881 522 1003 564 antea
1024 519 1341 576 exposuerimus,
1376 520 1538 575 saepius
1558 521 1740 576 repetere

190 592 233 633 et
263 592 488 635 retractare
509 590 639 633 coacti
661 591 810 643 simus,
850 590 894 633 in
916 590 1050 645 prima
1081 589 1438 633 commentationis
1466 591 1583 644 parte
1602 590 1742 633 muta-

191 660 324 704 tiones
346 662 461 714 quas*
469 659 580 714 prior
601 659 674 702 aut
694 658 895 714 posterior
916 658 1236 714 compositorum
1257 671 1351 713 pars
1373 658 1530 710 subeat,
1562 658 1736 702 diversis

188 730 290 773 locis
320 729 672 784 per-censebimus;
705 729 749 771 in
771 729 903 771 altera
934 735 1034 772 vero·
1050 729 1167 784 parte
1197 727 1434 783 composita,
1468 740 1549 782 qua
1577 728 1740 782 propria

191 799 233 841 vi
267 812 314 841 ac
346 798 511 841 notione
544 799 689 841 ornata
721 797 817 849 sint,
851 811 923 852 per
955 798 1097 840 decem
1128 797 1224 840 illas
1256 797 1406 840 classes
1426 796 1618 851 deinceps
1648 810 1741 852 per-

189 868 474 911 lustrabimus.
538 867 623 911 Ubi
655 867 704 910 de
736 867 983 910 formatione
1014 866 1312 910 adiectivorum
1344 866 1501 921 agitur,
1550 867 1740 910 anomala

194 936 483 979 tantummodo
537 936 677 979 omnia
723 935 968 992 singulatim
1017 936 1307 990 pertractasse,
1362 936 1591 978 ceterorum
1644 949 1738 979 vero

190 1020 322 1060 pauca
359 1006 548 1059 exempla
588 1005 779 1048 attulisse
817 1006 859 1048 et
889 1005 948 1047 rei
980 1004 1322 1048 demonstrandae
1363 1005 1405 1048 et
1442 1004 1608 1048 lectoris
1640 1018 1736 1060 cog-

190 1074 340 1118 nitioni
390 1074 592 1125 sufficiet;
651 1073 895 1128 praesertim
943 1087 1037 1116 cum
1089 1073 1198 1117 infra
1240 1074 1379 1117 omnia
1424 1074 1649 1129 composita
1693 1075 1737 1117 in

191 1145 341 1187 classes
374 1144 507 1187 divisa
538 1144 681 1187 libello
713 1144 965 1200 subiungere
997 1144 1102 1187 mihi
1134 1144 1429 1198 proposuerim.

250 1248 359 1315 (lap.
398 1247 431 1299 Ι.
487 1248 554 1299 lle
591 1247 874 1299 formatione
912 1246 1250 1299 adiectivorum
1288 1247 1673 1315 compositorum.

326 1353 345 1407 ξ
375 1354 411 1395 2.
455 1351 609 1395 Statim
631 1352 682 1394 ab
705 1352 824 1395 initio
846 1352 1067 1395 disiunctio
1088 1352 1276 1395 facienda
1298 1353 1360 1395 est
1381 1352 1489 1396 inter
1510 1354 1734 1409 composita

186 1434 384 1477 germana
400 1422 443 1463 et
458 1421 709 1471 adulterina;
734 1434 907 1475 quorum
924 1421 1001 1464 illa
1016 1421 1068 1463 ad
1089 1422 1221 1463 certas
1238 1421 1506 1475 componendi
1522 1422 1635 1476 leges
1651 1423 1733 1466 for-

185 1491 300 1533 mata
316 1492 425 1542 sunt,
444 1490 544 1533 haec
560 1490 707 1533 veroin
725 1490 859 1545 primo
873 1490 961 1533 loco
970 1490 1154 1533 flexionis
1164 1490 1338 1533 formam
1356 1491 1565 1545 praebent.
1584 1504 1632 1534 ea
1648 1491 1733 1547 pri-

184 1573 301 1602 mum
318 1559 361 1601 in
371 1559 450 1602 dno
461 1560 586 1602 verba
602 1559 809 1602 disiuncta
822 1559 1207 1614 pronuntiabantur,
1220 1559 1291 1601 sed
1300 1572 1394 1601 cum
1413 1559 1556 1603 eadem
1573 1573 1734 1616 semper

185 1630 404 1673 verborum
427 1629 658 1672 consecutio
680 1629 799 1681 esset,
824 1628 978 1672 sensim
1000 1628 1042 1671 in
1065 1641 1195 1671 unum
1216 1629 1463 1672 vocabulum
1480 1629 1729 1674 coaluerunt.

183 1698 345 1741 Deinde
375 1699 559 1753 tempore
590 1698 832 1752 procedente
864 1697 1045 1752 plurima
1089 1697 1132 1740 id
1162 1710 1291 1753 genus
1322 1698 1547 1753 composita
1577 1698 1621 1741 in
1651 1698 1732 1741 fine

185 1768 237 1810 ad
251 1780 459 1809 merorum
477 1767 795 1822 compositorum
813 1766 1131 1809 similitudinem
1148 1766 1208 1809 ita
1224 1767 1386 1809 mutata
1406 1768 1518 1820 sunt,
1537 1768 1585 1810 ut
1600 1768 1732 1823 prisca

189 1836 375 1878 flexionis
408 1837 539 1879 sol-ma
578 1836 621 1878 in
652 1836 786 1890 priore
825 1836 991 1878 tantum
1022 1836 1138 1889 parte
1177 1836 1420 1878 servaretur.
1484 1835 1732 1879 Adulterina

187 1905 265 1948 illa
294 1905 521 1961 composita
552 1904 673 1948 modo
702 1905 745 1947 in
786 1904 995 1948 vocabulis
1017 1917 1120 1959 quae
1152 1917 1176 1947 a
1197 1904 1361 1947 nomine
1383 1904 1456 1947 aut
1476 1905 1599 1949 verbo
1628 1905 1731 1949 inci-

188 1975 307 2029 piant
339 1974 601 2028 deprehendi,
636 1987 708 2028 per
730 1987 772 2016 se
794 1973 1057 2028 intelligitur.
1111 1972 1237 2016 Cuius
1267 1973 1327 2016 rei
1356 1975 1402 2016 ut
1423 1975 1610 2028 exempla
1631 1975 1730 2017 affe-

183 2056 273 2087 ram
320 2044 520 2088 vocabula
567 2041 853 2101 ἀργυρότοξος
892 2042 1093 2100 (ἄργυρος
1140 2047 1183 2093 -Ι-
1224 2043 1400 2096 τόξον),
1449 2044 1731 2100 ἱππό-δαμος

181 2113 339 2167 (ἵππος
370 2118 413 2162 -1-
446 2115 686 2167 δαμ-εῐν),
719 2112 867 2170 αἴθοψ
899 2111 1036 2167 (αἴθω
1059 2117 1103 2162 ÷
1133 2112 1236 2170 ὥψ)
1269 2126 1372 2167 quae
1404 2113 1446 2155 in
1476 2114 1609 2168 primo
1640 2114 1728 2157 loco

179 2182 352 2238 stirpem
373 2182 631 2238 primitivam
663 2181 876 2234 exhibent,
911 2181 954 2225 in
985 2180 1110 2225 meris
1142 2181 1378 2237 compositis
1401 2181 1591 2226 habenda
1611 2183 1726 2235 sunt;

181 2253 282 2296 dum
315 2253 594 2307 δουρίκλυτος
625 2253 667 2294 111
700 2251 825 2305 δουρὶ
863 2252 1017 2300 κλυτός
1047 2251 1213 2306 disponi*
1238 2253 1385 2306 potest.
1428 2265 1545 2295 voces
1583 2256 1726 2296 Μενέ-

180 2322 298 2375 λαος,
328 2322 635 2378 ἐρυσί-πτολις,
667 2322 955 2379 Πυλοι-γενής
983 2334 1078 2365 vero
1100 2321 1314 2377 utriusque
1346 2322 1613 2377 componendi
1644 2322 1726 2365 for-

179 2392 376 2434 mationis
398 2392 619 2445 participes
642 2394 749 2443 sunt,
784 2391 934 2446 quippe
957 2404 1061 2446 quae
1082 2391 1267 2434 flexionis
1289 2391 1440 2434 formas
1461 2393 1585 2446 atque
1606 2405 1726 2435 verae

178 2459 485 2516 compositionis
506 2460 817 2503 terminationes
838 2460 1081 2515 praebeant;
1104 2459 1266 2516 proprie
1288 2460 1455 2514 quidem
1474 2464 1581 2515 μένε
1602 2461 1721 2506 λαόν.

180 2532 304 2588 ἔρυσο
325 2530 496 2582 πτόλιν,
521 2530 664 2572 Πύλοι
687 2531 920 2584 γενόμενος
941 2530 1021 2574 dici
1045 2530 1231 2573 debebat.

318 2600 369 2642 In
401 2598 653 2642 carminibus
675 2599 907 2643 Homericis
930 2599 1010 2642 duo
1034 2600 1199 2643 tantum
1223 2600 1423 2643 vocabula
1444 2601 1725 2655 componendo

178 2670 371 2726 coniungi
403 2670 549 2713 solent.
614 2669 719 2713 Sane
750 2670 918 2725 quidem
950 2670 1112 2725 saepius
1133 2670 1227 2725 plus
1249 2670 1353 2713 duae
1383 2672 1518 2725 partes
1549 2671 1592 2713 in
1614 2684 1725 2714 com-

175 2740 322 2795 positis
344 2740 654 2796 cognoscuntur.
680 2741 723 2782 at
744 2753 839 2783 vero
857 2740 1085 2794 composita
1105 2741 1166 2783 ita
1186 2741 1363 2783 formata
1383 2741 1520 2783 omnia
1540 2741 1584 2782 in
1606 2740 1725 2783 adul-

172 2809 402 2853 terinorum
434 2822 654 2852 numerum
685 2809 907 2852 reiicienda
938 2811 1046 2852 sunt.
1110 2809 1254 2853 Veluti
1277 2808 1655 2865 Πρωτ-εσί-λαος
1681 2808 1723 2851 111

172 2880 258 2921 tres
290 2892 407 2922 voces
439 2880 621 2935 Πρῶτος
653 2879 719 2920 ἔσι
758 2879 869 2921 λαοῦ
912 2878 1089 2933 (primus
1121 2891 1163 2924 es
1201 2878 1361 2934 populi)
1391 2877 1531 2925 dividi
1575 2878 1720 2933 potest.

175 2948 484 2991 Particularum
524 2960 619 2994 vero
659 2947 773 2991 nulla
814 2948 918 2991 ratio
961 2947 1151 2990 habenda¹
1182 2948 1263 3000 est,
1312 2947 1462 3002 quippe
1502 2952 1604 3001 quae
1643 2960 1724 2991 non
