1932 3252
922 95 978 170 {²33

177 239 329 293 δίδακ-
310 252 430 299 -τος,
476 236 579 278 νεό-
589 235 699 298 δᾳρ-
709 251 798 289 τος,
844 236 986 280 πολύ·
995 236 1163 290 πλαγκ-
1175 250 1265 287 τος,
1306 234 1441 288 αἱμο-
1451 232 1622 289 φόρυκ-
1636 248 1724 298 τος,

179 294 305 357 5256-
314 295 457 360 θρεπ-
469 320 551 355 τος,
583 301 748 364 ὄδυνή-
757 305 849 361 φα-
861 321 946 359 τος,
976 305 1088 361 βού-
1096 308 1178 361 βο·
1190 320 1262 354 τος
1292 306 1367 347 616.

202 380 204 382 ’
241 371 243 374 ’
317 364 473 438 Stirpes
512 373 555 416 in
602 373 784 418 vocalem
831 374 1023 418 cadentes
1065 374 1250 417 vocalem
1294 372 1526 433 producunt
1573 370 1722 415 veluti.

178 463 234 490 α-
244 445 397 509 πύρω-
407 458 491 496 τος,
522 443 624 487 δια·
605 447 795 501 -αέτρη-
807 459 891 496 τος,
923 458 1002 485 ευ·
1011 445 1146 498 ποίη-
1157 457 1247 492 τος,
1278 454 1484 499 κηρεσσι-
1494 442 1643 498 φόρη-
1653 456 1725 489 τος

177 514 258 580 alia
289 511 454 568 excepto
486 528 569 555 αν·
577 513 688 570 ήρο-
699 527 781 561 τος.

316 580 378 625 Ea
408 583 549 634 verba,-
578 594 752 637 quorum
783 582 930 638 stirpes
961 580 1171 625 nonnullis
1201 580 1245 623 in
1274 581 1527 635 temporibus
1558 580 1720 623 littera-

178 665 271 695 rum
321 642 542 695 metathesi
593 645 850 711 afficiuntur,
909 650 1016 693 hanc
1067 649 1241 692 alteram
1292 649 1465 704 stirpem
1515 646 1721 700 exhibent,

175 718 352 777 exempli
373 712 515 788 gratia
537 718 592 762 ἄ·
600 734 711 776 κρη-
720 734 804 773 τος,
838 718 894 762 ἄ·
905 719 1012 777 τλη-
1022 734 1107 771 τος,
1139 718 1295 761 παλιν-
1275 718 1419 774 -άγρε-
1422 733 1506 771 τος,
1537 715 1609 761 εὔ·
1597 717 1720 775 ὃμη

178 786 261 844 τὸς,
292 790 371 834 εὔ·
381 804 494 854 τμη·
505 805 589 843 τος,
619 789 764 833 πολύ·
744 805 888 848 --κμη
898 804 979 840 τος.

304 850 471 925 Stirpes
515 859 831 904 consonantibus
861 859 1121 903 terminatae
1158 858 1210 902 iis
1248 858 1563 911 mutationibus,
1609 870 1713 913 quae

174 943 246 986 per
275 941 440 973 omnem
456 927 737 985 graecitatem
774 921 936 981 valent,
965 926 1087 971 affici
1117 940 1190 983 per
1226 940 1269 970 se
1308 926 1467 969 clarum
1505 927 1579 970 631.
1620 926 1718 970 νεό-

175 1011 316 1057 σμηκ-
326 1013 398 1048 τος
428 997 588 1056 (σμήχ-
598 999 672 1052 ω),
704 997 830 1061 5226-
811 1000 984 1056 -θρεπ-
991 1000 1066 1048 ’τος
1097 996 1349 1054 (τρὲφ-ω),
1381 995 1719 1045 πολύ·κεσ-τος

176 1065 321 1124 (κέντ-
302 1067 405 1121 -έω)
440 1067 495 1109 ἄ·
504 1078 623 1110 πυσ-
603 1082 705 1116 τ-ος
735 1066 803 1117 (ἒ-
812 1069 936 1110 πυθ-
917 1067 1079 1125 -όμην)
1112 1067 1188 1110 etc.

311 1135 470 1179 Deinde
501 1151 524 1179 ε
553 1132 662 1199 111161
692 1136 864 1201 stirpem
895 1137 1017 1192 atque
1039 1136 1235 1180 suffixum
1256 1152 1328 1186 τος
1349 1134 1637 1191 interponitur,
1669 1136 1718 1179 ut

174 1199 406 1285 661111163113
430 1207 562 1250 1116116
593 1207 691 1262 31113
720 1198 836 1259 fiant,
856 1208 945 1250 'aut
975 1207 1083 1262 quod
1114 1206 1196 1250 alio
1226 1206 1347 1250 modo
1378 1205 1576 1250 suffixum
1597 1218 1719 1262 prae-

173 1285 323 1333 gresms
345 1273 662 1345 consonantibus
683 1274 847 1320 annecti
868 1289 950 1320 non
970 1276 1161 1332 potuerit.
1187 1291 1281 1334 αρι-
1261 1276 1397 1319 -δείκ-
1377 1290 1442 1319 -ε-
1445 1290 1530 1328 τος,
1561 1274 1717 1319 παλιν-

177 1343 285 1405 Hyp·
294 1361 346 1390 ε-
357 1362 441 1399 τος,
474 1344 530 1389 a'·-
540 1346 671 1401 τρύγ-
679 1361 730 1389 ε-
740 1362 825 1399 της,
857 1345 931 1398 ἐξ·
911 1348 1042 1400 -αίρ-
1050 1362 1101 1389 ε-
1112 1362 1195 1396 τος.

314 1413 529 1459 Postremo
573 1415 663 1459 loco
710 1414 922 1472 complura
960 1416 1186 1472 composita
1223 1415 1581 1479 commemoranda
1618 1415 1717 1458 sunt

175 1498 349 1550 quorum
380 1480 527 1541 stirpes
560 1497 589 1528 σ
615 1476 757 1529 littera
788 1485 932 1530 auctae
963 1486 1078 1529 sunt:
1112 1485 1168 1528 ἄ-
1176 1488 1304 1542 σβεσ-
1318 1502 1409 1539 τος,
1441 1485 1490 1528 ἄ-
1493 1497 1628 1539 γνωσ-
1631 1500 1717 1538 τος,

175 1553 231 1597 ἅ·
211 1565 407 1598 -πνευσ-
416 1569 508 1607 τος,
560 1569 615 1596 α-
596 1554 776 1597 -τὲλεσ-
787 1569 878 1607 τος,
930 1551 1044 1612 ὀψι-
1025 1554 1206 1597 -τὲλεσ-
1216 1569 1307 1607 τος,
1360 1553 1462 1597 ἐπί-
1471 1564 1619 1597 σπασ-
1629 1560 1715 1607 τος,

172 1616 251 1667 εὖ·
261 1626 362 1676 ξεσ-
342 1639 455 1676 -τος,
488 1623 591 1667 νεό-
598 1636 733 1682 πρισ-
743 1639 827 1677 τος,
857 1623 1002 1667 πολυ-
983 1623 1155 1682 -μνήσ-
1165 1639 1230 1681 τη.
1262 1624 1398 1680 πυρί·
1377 1635 1546 1666 --καυσ
1557 1639 1641 1673 τος.

213 1697 215 1699 ’
310 1688 372 1735 De
411 1693 534 1735 verbo
574 1693 704 1735 τελέω
744 1693 813 1735 vix
856 1692 1037 1736 dubitari
1067 1693 1223 1748 potest,
1264 1705 1359 1736 cum
1399 1704 1423 1734 3
1454 1692 1715 1736 substantivo

172 1763 292 1816 τέλος
323 1761 494 1805 ductum
525 1762 590 1814 sit,
623 1762 691 1804 hic
723 1774 752 1803 σ
779 1761 880 1805 olim
911 1761 1128 1813 exstitisse,
1164 1761 1272 1818 quod
1299 1762 1409 1805 inter
1429 1760 1532 1806 duas
1553 1760 1717 1806 vocales

172 1825 352 1888 positum
383 1833 526 1887 postea
556 1832 787 1882 evanuerit3
821 1833 863 1873 et
902 1832 1057 1874 ceteras
1096 1844 1256 1887 quoque
1294 1832 1443 1887 stirpes
1483 1831 1720 1887 antiquitus

174 1901 331 1945 dentali
378 1900 444 1944 vel
492 1900 685 1944 sibilante
725 1900 968 1944 terminatas
999 1900 1125 1944 fuisse
1164 1900 1284 1944 iustis
1324 1901 1373 1944 de
1414 1901 1549 1945 causis
1588 1900 1718 1945 conii·

176 1968 368 2025 ciendum
399 1971 473 2013 est.
1175 1984 1181 1989 ·

313 2038 393 2082 Sed
424 2052 518 2082 cum
549 2038 601 2082 ad
640 2039 745 2082 hanc
784 2037 1066 2094 quaestionem
1105 2039 1344 2083 solvendam
1383 2039 1511 2083 etiam
1552 2039 1720 2097 linguae

175 2109 319 2153 affines
349 2108 501 2151 auxilio
522 2108 727 2151 vocandae
749 2108 845 2159 sint,
878 2109 920 2150 et
950 2120 1001 2162 ne
1032 2108 1091 2151 sic
1122 2108 1288 2163 quidem
1320 2110 1409 2167 tota
1428 2122 1494 2152 res
1514 2107 1716 2153 beneab-

176 2177 279 2223 solvi
318 2174 466 2235 possit,
501 2191 592 2222 eam
622 2178 763 2235 paucis
787 2177 858 2221 ¹his
889 2178 1026 2221 verbis
1058 2191 1082 2221 a
1112 2178 1229 2222 nobis
1260 2180 1415 2222 tactam
1448 2192 1536 2224 esse
1568 2192 1718 2236 quaeso

178 2262 229 2293 ne
259 2247 435 2292 moleste
462 2247 644 2304 patiaris.

320 2316 623 2361 0111111311111113
654 2317 910 2362 formationis
942 2318 1145 2362 adiectiva
1184 2320 1400 2362 accentum
1438 2320 1482 2361 in
1521 2320 1717 2375 311161136-

180 2387 359 2430 11111111113
405 2388 588 2442 1)61·13111;
636 2400 733 2430 113111
779 2387 858 2430 duo
904 2387 1102 2431 vocabula
1140 2388 1386 2443 συμφερτός
1423 2389 1465 2431 61
1504 2388 1720 2439 ἐπιεικτός

174 2469 278 2514 quae
317 2456 405 2499 sola
444 2456 539 2499 huic
577 2456 660 2511 legi
699 2468 928 2513 repugnare
966 2455 1178 2507 videntur,
1228 2469 1308 2501 non
1354 2457 1443 2500 tam
1489 2457 1718 2514 composita

180 2514 277 2569 311111
307 2525 378 2569 36(1
410 2538 456 2568 ex
488 2524 624 2568 verbis
655 2524 892 2580 compositis
924 2527 1130 2581 συμφέροι-1
1162 2526 1205 2568 61
1235 2525 1412 2569 ἐπιείκω
1444 2526 1637 2583 profecta.

234 2594 237 2598 ’
313 2594 343 2650 §.
372 2594 436 2637 19.
480 2592 635 2647 Quarto
664 2593 804 2650 generi
836 2606 884 2638 ea
915 2593 1117 2638 adiectiva
1147 2595 1373 2650 composita
1403 2595 1713 2653 adnumeranda

173 2665 291 2716 sunt,
325 2676 499 2719 quorum
530 2677 624 2719 pars
654 2663 855 2719 posterior
885 2663 1041 2708 suffixis
1074 2679 1149 2721 της
1179 2665 1221 2707 61
1252 2680 1316 2715 τις
1344 2666 1490 2709 6111313
1510 2665 1584 2709 631.
1618 2666 1719 2710 11366

173 2733 322 2778 suffixa
343 2733 544 2777 adjectivo
576 2745 771 2789 personae
802 2734 888 2777 vim
917 2733 1169 2785 attribuunt;
1203 2733 1357 2778 etenim
1389 2750 1465 2793 της
1483 2735 1715 2780 1113361111116

176 2803 464 2853 τις’1“61111111116
495 2803 635 2859 generi
666 2803 848 2847 inservit.
911 2803 963 2847 iis
1002 2803 1199 2860 stirpibus
1230 2817 1335 2861 quae
1374 2804 1419 2848 in
1450 2807 1720 2850 consonantes

182 2875 344 2926 exeunt,
378 2874 541 2930 saepius
562 2889 584 2917 ε
604 2874 758 2918 vocalis
790 2874 1034 2932 annectitur.
1067 2874 1110 2918 in
1142 2874 1335 2931 plurimis
1365 2875 1502 2919 verbis
1521 2875 1623 2920 haec
1644 2888 1718 2919 vo-

1583 2956 1606 2992 3
