<?xml version="1.0" encoding="UTF-8"?>
<!DOCTYPE html PUBLIC "-//W3C//DTD XHTML 1.0 Transitional//EN"
    "http://www.w3.org/TR/xhtml1/DTD/xhtml1-transitional.dtd">
<html xmlns="http://www.w3.org/1999/xhtml" xml:lang="en" lang="en">
 <head>
  <title>
</title>
<meta http-equiv="Content-Type" content="text/html;charset=utf-8" />
  <meta name='ocr-system' content='tesseract 3.04.00' />
  <meta name='ocr-capabilities' content='ocr_page ocr_carea ocr_par ocr_line ocrx_word'/>
</head>
<body>
  <div class='ocr_page' id='page_1' title='image "4737203_0049.png"; bbox 0 0 1932 3252; ppageno 0'>
   <div class='ocr_carea' id='block_1_1' title="bbox 989 68 1045 112">
    <p class='ocr_par' dir='ltr' id='par_1_1' title="bbox 989 68 1045 112">
     <span class='ocr_line' id='line_1_1' title="bbox 989 68 1045 112; baseline 0.018 -1"><span class='ocrx_word' id='word_1_1' title='bbox 989 68 1045 112; x_wconf 89' lang='lat'>38</span> 
     </span>
    </p>
   </div>
   <div class='ocr_carea' id='block_1_2' title="bbox 881 123 1160 135">
    <p class='ocr_par' dir='ltr' id='par_1_2' title="bbox 881 123 1160 135">
     <span class='ocr_line' id='line_1_2' title="bbox 881 123 1160 135; baseline 0 0"><span class='ocrx_word' id='word_1_2' title='bbox 881 123 1160 135; x_wconf 95' lang='lat' dir='ltr'> </span> 
     </span>
    </p>
   </div>
   <div class='ocr_carea' id='block_1_3' title="bbox 235 205 1795 2915">
    <p class='ocr_par' dir='ltr' id='par_1_3' title="bbox 241 205 1792 331">
     <span class='ocr_line' id='line_1_3' title="bbox 241 205 1792 263; baseline 0 -13"><span class='ocrx_word' id='word_1_3' title='bbox 241 206 574 263; x_wconf 76' lang='lat' dir='ltr'>possessivorum,</span> <span class='ocrx_word' id='word_1_4' title='bbox 598 205 894 250; x_wconf 87' lang='lat' dir='ltr'>obiectivorum</span> <span class='ocrx_word' id='word_1_5' title='bbox 911 207 1156 262; x_wconf 85' lang='lat' dir='ltr'>appellavit,</span> <span class='ocrx_word' id='word_1_6' title='bbox 1196 221 1319 263; x_wconf 89' lang='lat' dir='ltr'>quam</span> <span class='ocrx_word' id='word_1_7' title='bbox 1341 207 1666 263; x_wconf 73' lang='lat' dir='ltr'>appellationem</span> <span class='ocrx_word' id='word_1_8' title='bbox 1695 207 1792 251; x_wconf 87' lang='lat' dir='ltr'>ado-</span> 
     </span>
     <span class='ocr_line' id='line_1_4' title="bbox 246 276 579 331; baseline 0 -12"><span class='ocrx_word' id='word_1_9' title='bbox 246 277 412 331; x_wconf 89' lang='lat' dir='ltr'>ptemus</span> <span class='ocrx_word' id='word_1_10' title='bbox 443 276 579 320; x_wconf 90' lang='lat' dir='ltr'>liceat.</span> 
     </span>
    </p>

    <p class='ocr_par' dir='ltr' id='par_1_4' title="bbox 242 345 1795 1312">
     <span class='ocr_line' id='line_1_5' title="bbox 385 345 1792 402; baseline -0.001 -13"><span class='ocrx_word' id='word_1_11' title='bbox 385 346 415 400; x_wconf 68' lang='grc' dir='ltr'>ξ.</span> <span class='ocrx_word' id='word_1_12' title='bbox 441 347 508 389; x_wconf 89' lang='grc'>22.</span> <span class='ocrx_word' id='word_1_13' title='bbox 540 345 789 401; x_wconf 86' lang='lat' dir='ltr'>Priusquam</span> <span class='ocrx_word' id='word_1_14' title='bbox 808 359 902 389; x_wconf 88' lang='lat' dir='ltr'>vero</span> <span class='ocrx_word' id='word_1_15' title='bbox 924 345 977 389; x_wconf 89' lang='lat' dir='ltr'>ad</span> <span class='ocrx_word' id='word_1_16' title='bbox 999 346 1183 402; x_wconf 86' lang='lat' dir='ltr'>singulas</span> <span class='ocrx_word' id='word_1_17' title='bbox 1206 348 1525 402; x_wconf 89' lang='lat' dir='ltr'>compositorum</span> <span class='ocrx_word' id='word_1_18' title='bbox 1546 346 1696 390; x_wconf 83' lang='lat' dir='ltr'>classes</span> <span class='ocrx_word' id='word_1_19' title='bbox 1724 358 1792 388; x_wconf 91' lang='lat' dir='ltr'>ac-</span> 
     </span>
     <span class='ocr_line' id='line_1_6' title="bbox 247 414 1795 471; baseline -0.001 -12"><span class='ocrx_word' id='word_1_20' title='bbox 247 416 454 467; x_wconf 79' lang='lat' dir='ltr'>cedamus,</span> <span class='ocrx_word' id='word_1_21' title='bbox 479 428 610 470; x_wconf 87' lang='lat' dir='ltr'>pauca</span> <span class='ocrx_word' id='word_1_22' title='bbox 631 415 681 458; x_wconf 88' lang='lat' dir='ltr'>de</span> <span class='ocrx_word' id='word_1_23' title='bbox 702 415 1073 471; x_wconf 88' lang='lat' dir='ltr'>praepositionibus</span> <span class='ocrx_word' id='word_1_24' title='bbox 1094 415 1398 470; x_wconf 88' lang='lat' dir='ltr'>praemittenda</span> <span class='ocrx_word' id='word_1_25' title='bbox 1418 418 1526 460; x_wconf 89' lang='lat' dir='ltr'>sunt.</span> <span class='ocrx_word' id='word_1_26' title='bbox 1579 414 1795 471; x_wconf 89' lang='lat' dir='ltr'>Praeposi-</span> 
     </span>
     <span class='ocr_line' id='line_1_7' title="bbox 242 484 1793 542; baseline 0 -13"><span class='ocrx_word' id='word_1_27' title='bbox 242 485 376 529; x_wconf 89' lang='lat' dir='ltr'>tiones</span> <span class='ocrx_word' id='word_1_28' title='bbox 393 484 507 529; x_wconf 90' lang='lat' dir='ltr'>enim</span> <span class='ocrx_word' id='word_1_29' title='bbox 523 485 596 528; x_wconf 86' lang='lat' dir='ltr'>aut</span> <span class='ocrx_word' id='word_1_30' title='bbox 612 498 782 528; x_wconf 89' lang='lat' dir='ltr'>casuum</span> <span class='ocrx_word' id='word_1_31' title='bbox 806 486 1013 529; x_wconf 88' lang='lat' dir='ltr'>structura</span> <span class='ocrx_word' id='word_1_32' title='bbox 1034 499 1128 528; x_wconf 90' lang='lat' dir='ltr'>cum</span> <span class='ocrx_word' id='word_1_33' title='bbox 1151 486 1347 542; x_wconf 86' lang='lat' dir='ltr'>sequente</span> <span class='ocrx_word' id='word_1_34' title='bbox 1369 485 1534 530; x_wconf 90' lang='lat' dir='ltr'>nomine</span> <span class='ocrx_word' id='word_1_35' title='bbox 1555 485 1793 531; x_wconf 86' lang='lat' dir='ltr'>coniunctae</span> 
     </span>
     <span class='ocr_line' id='line_1_8' title="bbox 244 554 1794 611; baseline -0.002 -11"><span class='ocrx_word' id='word_1_36' title='bbox 244 556 362 609; x_wconf 87' lang='lat' dir='ltr'>sunt,</span> <span class='ocrx_word' id='word_1_37' title='bbox 397 555 470 599; x_wconf 88' lang='lat' dir='ltr'>aut</span> <span class='ocrx_word' id='word_1_38' title='bbox 502 554 691 599; x_wconf 85' lang='lat' dir='ltr'>adverbii</span> <span class='ocrx_word' id='word_1_39' title='bbox 730 555 817 600; x_wconf 91' lang='lat' dir='ltr'>loco</span> <span class='ocrx_word' id='word_1_40' title='bbox 857 556 1024 611; x_wconf 76' lang='lat' dir='ltr'>positae.</span> <span class='ocrx_word' id='word_1_41' title='bbox 1068 554 1186 611; x_wconf 87' lang='grc' dir='ltr'><em>ἀμφί</em></span> <span class='ocrx_word' id='word_1_42' title='bbox 1212 555 1264 598; x_wconf 91' lang='lat' dir='ltr'>ad</span> <span class='ocrx_word' id='word_1_43' title='bbox 1302 556 1523 610; x_wconf 89' lang='lat' dir='ltr'>utrumque</span> <span class='ocrx_word' id='word_1_44' title='bbox 1567 556 1694 599; x_wconf 90' lang='lat' dir='ltr'>finem</span> <span class='ocrx_word' id='word_1_45' title='bbox 1727 554 1794 598; x_wconf 91' lang='lat' dir='ltr'>vel</span> 
     </span>
     <span class='ocr_line' id='line_1_9' title="bbox 242 622 1795 681; baseline -0.001 -12"><span class='ocrx_word' id='word_1_46' title='bbox 242 626 287 669; x_wconf 93' lang='lat' dir='ltr'>in</span> <span class='ocrx_word' id='word_1_47' title='bbox 325 627 545 681; x_wconf 88' lang='lat' dir='ltr'>utramque</span> <span class='ocrx_word' id='word_1_48' title='bbox 584 626 745 680; x_wconf 89' lang='lat' dir='ltr'>partem</span> <span class='ocrx_word' id='word_1_49' title='bbox 783 626 843 668; x_wconf 89' lang='lat' dir='ltr'>rei</span> <span class='ocrx_word' id='word_1_50' title='bbox 876 625 1050 669; x_wconf 83' lang='lat' dir='ltr'>alicuius</span> <span class='ocrx_word' id='word_1_51' title='bbox 1082 626 1258 681; x_wconf 88' lang='lat' dir='ltr'>spectat;</span> <span class='ocrx_word' id='word_1_52' title='bbox 1298 622 1633 681; x_wconf 82' lang='grc' dir='ltr'><em>ἀμφι-κύπελλον</em></span> <span class='ocrx_word' id='word_1_53' title='bbox 1662 625 1795 675; x_wconf 83' lang='grc' dir='ltr'><strong><em>δέπας</em></strong></span> 
     </span>
     <span class='ocr_line' id='line_1_10' title="bbox 244 692 1792 753; baseline -0.002 -12"><span class='ocrx_word' id='word_1_54' title='bbox 244 695 498 753; x_wconf 89' lang='lat' dir='ltr'>appellatur,</span> <span class='ocrx_word' id='word_1_55' title='bbox 532 694 640 750; x_wconf 87' lang='lat' dir='ltr'>quod</span> <span class='ocrx_word' id='word_1_56' title='bbox 672 695 715 737; x_wconf 92' lang='lat' dir='ltr'>in</span> <span class='ocrx_word' id='word_1_57' title='bbox 736 696 910 751; x_wconf 86' lang='lat' dir='ltr'>utraque</span> <span class='ocrx_word' id='word_1_58' title='bbox 941 697 1058 752; x_wconf 88' lang='lat' dir='ltr'>parte</span> <span class='ocrx_word' id='word_1_59' title='bbox 1079 695 1298 739; x_wconf 83' lang='grc' dir='ltr'><em>κύπελλον</em></span> <span class='ocrx_word' id='word_1_60' title='bbox 1319 696 1508 751; x_wconf 87' lang='lat' dir='ltr'>praebet;</span> <span class='ocrx_word' id='word_1_61' title='bbox 1542 692 1792 752; x_wconf 84' lang='grc' dir='ltr'><em>ἀμφιβρότη</em></span> 
     </span>
     <span class='ocr_line' id='line_1_11' title="bbox 244 762 1794 821; baseline -0.003 -11"><span class='ocrx_word' id='word_1_62' title='bbox 244 769 289 809; x_wconf 88' lang='grc' dir='ltr'><em>Β</em></span> <span class='ocrx_word' id='word_1_63' title='bbox 327 766 411 810; x_wconf 90' lang='grc'>389</span> <span class='ocrx_word' id='word_1_64' title='bbox 452 762 605 808; x_wconf 83' lang='grc' dir='ltr'><em>ἀσπίδι</em></span> <span class='ocrx_word' id='word_1_65' title='bbox 644 764 829 817; x_wconf 77' lang='lat' dir='ltr'>additur,</span> <span class='ocrx_word' id='word_1_66' title='bbox 872 778 975 820; x_wconf 83' lang='lat' dir='ltr'>quae</span> <span class='ocrx_word' id='word_1_67' title='bbox 1007 766 1143 808; x_wconf 88' lang='lat' dir='ltr'>totum</span> <span class='ocrx_word' id='word_1_68' title='bbox 1173 777 1317 821; x_wconf 90' lang='lat' dir='ltr'>corpus</span> <span class='ocrx_word' id='word_1_69' title='bbox 1349 778 1373 807; x_wconf 92' lang='lat' dir='ltr'>a</span> <span class='ocrx_word' id='word_1_70' title='bbox 1405 765 1537 821; x_wconf 89' lang='lat' dir='ltr'>capite</span> <span class='ocrx_word' id='word_1_71' title='bbox 1574 777 1702 820; x_wconf 88' lang='lat' dir='ltr'>usque</span> <span class='ocrx_word' id='word_1_72' title='bbox 1743 762 1794 807; x_wconf 90' lang='lat' dir='ltr'>ad</span> 
     </span>
     <span class='ocr_line' id='line_1_12' title="bbox 244 832 1792 893; baseline -0.002 -14"><span class='ocrx_word' id='word_1_73' title='bbox 244 835 369 892; x_wconf 86' lang='lat' dir='ltr'>pedes</span> <span class='ocrx_word' id='word_1_74' title='bbox 399 835 517 892; x_wconf 85' lang='lat' dir='ltr'>tegit.</span> <span class='ocrx_word' id='word_1_75' title='bbox 555 832 779 893; x_wconf 83' lang='grc' dir='ltr'><em>ἀμφιλύκη</em></span> <span class='ocrx_word' id='word_1_76' title='bbox 811 835 891 885; x_wconf 74' lang='grc' dir='ltr'>νύξ</span> <span class='ocrx_word' id='word_1_77' title='bbox 925 839 972 877; x_wconf 88' lang='grc' dir='ltr'><em>Η</em></span> <span class='ocrx_word' id='word_1_78' title='bbox 998 836 1085 879; x_wconf 88' lang='lat'>433</span> <span class='ocrx_word' id='word_1_79' title='bbox 1118 848 1166 878; x_wconf 88' lang='lat' dir='ltr'>ea</span> <span class='ocrx_word' id='word_1_80' title='bbox 1196 834 1327 878; x_wconf 91' lang='lat' dir='ltr'>noctis</span> <span class='ocrx_word' id='word_1_81' title='bbox 1359 848 1453 890; x_wconf 88' lang='lat' dir='ltr'>pars</span> <span class='ocrx_word' id='word_1_82' title='bbox 1474 835 1654 887; x_wconf 89' lang='lat' dir='ltr'>vocatur,</span> <span class='ocrx_word' id='word_1_83' title='bbox 1688 845 1792 890; x_wconf 90' lang='lat' dir='ltr'>quae</span> 
     </span>
     <span class='ocr_line' id='line_1_13' title="bbox 242 904 1793 955; baseline -0.002 -6"><span class='ocrx_word' id='word_1_84' title='bbox 242 905 341 950; x_wconf 90' lang='lat' dir='ltr'>hinc</span> <span class='ocrx_word' id='word_1_85' title='bbox 378 904 582 949; x_wconf 87' lang='lat' dir='ltr'>sideribus</span> <span class='ocrx_word' id='word_1_86' title='bbox 621 904 867 948; x_wconf 88' lang='lat' dir='ltr'>coelestibus</span> <span class='ocrx_word' id='word_1_87' title='bbox 907 905 1025 948; x_wconf 92' lang='lat' dir='ltr'>illinc</span> <span class='ocrx_word' id='word_1_88' title='bbox 1064 905 1328 948; x_wconf 72' lang='lat' dir='ltr'>illucescente</span> <span class='ocrx_word' id='word_1_89' title='bbox 1368 905 1434 948; x_wconf 89' lang='lat' dir='ltr'>die</span> <span class='ocrx_word' id='word_1_90' title='bbox 1474 905 1683 949; x_wconf 88' lang='lat' dir='ltr'>illustrata</span> <span class='ocrx_word' id='word_1_91' title='bbox 1720 906 1793 955; x_wconf 87' lang='lat' dir='ltr'>est,</span> 
     </span>
     <span class='ocr_line' id='line_1_14' title="bbox 243 973 1795 1031; baseline -0.001 -12"><span class='ocrx_word' id='word_1_92' title='bbox 243 974 545 1031; x_wconf 87' lang='lat' dir='ltr'>respondetque</span> <span class='ocrx_word' id='word_1_93' title='bbox 578 974 691 1016; x_wconf 92' lang='lat' dir='ltr'>omni</span> <span class='ocrx_word' id='word_1_94' title='bbox 722 987 770 1017; x_wconf 86' lang='lat' dir='ltr'>ex</span> <span class='ocrx_word' id='word_1_95' title='bbox 804 977 921 1029; x_wconf 84' lang='lat' dir='ltr'>parte</span> <span class='ocrx_word' id='word_1_96' title='bbox 960 976 1097 1018; x_wconf 91' lang='lat' dir='ltr'>nostro</span> <span class='ocrx_word' id='word_1_97' title='bbox 1137 973 1362 1017; x_wconf 89' lang='lat' dir='ltr'>Zwielicht.</span> <span class='ocrx_word' id='word_1_98' title='bbox 1426 974 1539 1028; x_wconf 78' lang='lat' dir='ltr'>Quae</span> <span class='ocrx_word' id='word_1_99' title='bbox 1577 973 1639 1017; x_wconf 91' lang='lat' dir='ltr'>vis</span> <span class='ocrx_word' id='word_1_100' title='bbox 1677 985 1795 1029; x_wconf 86' lang='lat' dir='ltr'>prae-</span> 
     </span>
     <span class='ocr_line' id='line_1_15' title="bbox 243 1042 1791 1101; baseline -0.003 -12"><span class='ocrx_word' id='word_1_101' title='bbox 243 1044 458 1101; x_wconf 88' lang='lat' dir='ltr'>positionis</span> <span class='ocrx_word' id='word_1_102' title='bbox 498 1042 615 1100; x_wconf 90' lang='grc' dir='ltr'><em>ἀμφί</em></span> <span class='ocrx_word' id='word_1_103' title='bbox 650 1044 778 1087; x_wconf 88' lang='lat' dir='ltr'>etiam</span> <span class='ocrx_word' id='word_1_104' title='bbox 818 1057 865 1087; x_wconf 86' lang='lat' dir='ltr'>ex</span> <span class='ocrx_word' id='word_1_105' title='bbox 904 1045 1050 1088; x_wconf 88' lang='lat' dir='ltr'>ceteris</span> <span class='ocrx_word' id='word_1_106' title='bbox 1090 1044 1326 1099; x_wconf 90' lang='lat' dir='ltr'>compositis</span> <span class='ocrx_word' id='word_1_107' title='bbox 1365 1045 1473 1088; x_wconf 87' lang='lat' dir='ltr'>clare</span> <span class='ocrx_word' id='word_1_108' title='bbox 1517 1044 1791 1100; x_wconf 87' lang='lat' dir='ltr'>cognoscitur;</span> 
     </span>
     <span class='ocr_line' id='line_1_16' title="bbox 242 1110 1791 1172; baseline -0.001 -15"><span class='ocrx_word' id='word_1_109' title='bbox 242 1118 279 1157; x_wconf 78' lang='lat' dir='ltr'><strong><em>A</em></strong></span> <span class='ocrx_word' id='word_1_110' title='bbox 303 1115 398 1166; x_wconf 88' lang='lat'>103,</span> <span class='ocrx_word' id='word_1_111' title='bbox 421 1116 578 1171; x_wconf 81' lang='grc' dir='ltr'><em>φρένες</em></span> <span class='ocrx_word' id='word_1_112' title='bbox 600 1110 934 1169; x_wconf 75' lang='grc' dir='ltr'><em>ἀμφιμέλαιναι.</em></span> <span class='ocrx_word' id='word_1_113' title='bbox 967 1117 1011 1156; x_wconf 90' lang='grc' dir='ltr'><em>Β</em></span> <span class='ocrx_word' id='word_1_114' title='bbox 1030 1114 1124 1166; x_wconf 88' lang='grc'>181,</span> <span class='ocrx_word' id='word_1_115' title='bbox 1158 1114 1264 1172; x_wconf 84' lang='grc' dir='ltr'><em>νῆας</em></span> <span class='ocrx_word' id='word_1_116' title='bbox 1292 1111 1593 1170; x_wconf 87' lang='grc' dir='ltr'><em>ἀμφιελίσσας.</em></span> <span class='ocrx_word' id='word_1_117' title='bbox 1627 1115 1671 1155; x_wconf 89' lang='grc' dir='ltr'><em>Λ</em></span> <span class='ocrx_word' id='word_1_118' title='bbox 1694 1111 1791 1164; x_wconf 86' lang='grc'>393,</span> 
     </span>
     <span class='ocr_line' id='line_1_17' title="bbox 243 1181 1792 1241; baseline -0.002 -13"><span class='ocrx_word' id='word_1_119' title='bbox 243 1182 526 1241; x_wconf 73' lang='grc' dir='ltr'><em>ἀμφίδρυφοί</em></span> <span class='ocrx_word' id='word_1_120' title='bbox 552 1181 638 1226; x_wconf 83' lang='grc' dir='ltr'><em>εἰσι</em></span> <span class='ocrx_word' id='word_1_121' title='bbox 668 1185 865 1239; x_wconf 82' lang='grc' dir='ltr'><em>παρειαί.</em></span> <span class='ocrx_word' id='word_1_122' title='bbox 907 1187 950 1225; x_wconf 88' lang='grc' dir='ltr'><em>Β</em></span> <span class='ocrx_word' id='word_1_123' title='bbox 982 1184 1087 1235; x_wconf 86' lang='grc'>709,</span> <span class='ocrx_word' id='word_1_124' title='bbox 1129 1181 1412 1240; x_wconf 71' lang='grc' dir='ltr'><em>ἀμφιδρυφής</em></span> <span class='ocrx_word' id='word_1_125' title='bbox 1450 1183 1618 1237; x_wconf 85' lang='grc' dir='ltr'><em>ἄλοχος.</em></span> <span class='ocrx_word' id='word_1_126' title='bbox 1659 1187 1693 1225; x_wconf 86' lang='grc' dir='ltr'><em>Α</em></span> <span class='ocrx_word' id='word_1_127' title='bbox 1724 1183 1792 1234; x_wconf 86' lang='grc'>45,</span> 
     </span>
     <span class='ocr_line' id='line_1_18' title="bbox 245 1250 1733 1312; baseline -0.001 -15"><span class='ocrx_word' id='word_1_128' title='bbox 245 1251 514 1312; x_wconf 82' lang='grc' dir='ltr'><em>ἀμφηρεφέα</em></span> <span class='ocrx_word' id='word_1_129' title='bbox 545 1268 591 1296; x_wconf 86' lang='grc' dir='ltr'>τε</span> <span class='ocrx_word' id='word_1_130' title='bbox 623 1255 856 1310; x_wconf 80' lang='grc' dir='ltr'><em>φαρέτρην.</em></span> <span class='ocrx_word' id='word_1_131' title='bbox 891 1257 936 1295; x_wconf 90' lang='grc' dir='ltr'><em>Λ</em></span> <span class='ocrx_word' id='word_1_132' title='bbox 967 1254 1036 1304; x_wconf 89' lang='lat'>40,</span> <span class='ocrx_word' id='word_1_133' title='bbox 1069 1253 1370 1309; x_wconf 79' lang='grc' dir='ltr'><em>κεφαλαὶτρεῐς</em></span> <span class='ocrx_word' id='word_1_134' title='bbox 1401 1250 1733 1310; x_wconf 81' lang='grc' dir='ltr'><em>ἀμφιστρεφέες.</em></span> 
     </span>
    </p>

    <p class='ocr_par' dir='ltr' id='par_1_5' title="bbox 242 1321 1793 1660">
     <span class='ocr_line' id='line_1_19' title="bbox 386 1321 1790 1379; baseline -0.001 -12"><span class='ocrx_word' id='word_1_135' title='bbox 386 1321 484 1367; x_wconf 82' lang='grc' dir='ltr'><em>ἀντὶ</em></span> <span class='ocrx_word' id='word_1_136' title='bbox 514 1321 673 1378; x_wconf 88' lang='lat' dir='ltr'>aliquid</span> <span class='ocrx_word' id='word_1_137' title='bbox 704 1335 751 1365; x_wconf 87' lang='lat' dir='ltr'>ex</span> <span class='ocrx_word' id='word_1_138' title='bbox 784 1322 954 1365; x_wconf 80' lang='lat' dir='ltr'>adverso</span> <span class='ocrx_word' id='word_1_139' title='bbox 985 1323 1167 1377; x_wconf 88' lang='lat' dir='ltr'>positum</span> <span class='ocrx_word' id='word_1_140' title='bbox 1203 1337 1290 1367; x_wconf 90' lang='lat' dir='ltr'>esse</span> <span class='ocrx_word' id='word_1_141' title='bbox 1330 1322 1537 1379; x_wconf 83' lang='lat' dir='ltr'>significat</span> <span class='ocrx_word' id='word_1_142' title='bbox 1576 1321 1790 1374; x_wconf 83' lang='grc' dir='ltr'><em>ἀντάξιος.</em></span> 
     </span>
     <span class='ocr_line' id='line_1_20' title="bbox 243 1392 1793 1447; baseline -0.001 -10"><span class='ocrx_word' id='word_1_143' title='bbox 243 1393 392 1437; x_wconf 88' lang='lat' dir='ltr'>deinde</span> <span class='ocrx_word' id='word_1_144' title='bbox 424 1406 519 1435; x_wconf 91' lang='lat' dir='ltr'>cum</span> <span class='ocrx_word' id='word_1_145' title='bbox 540 1405 617 1443; x_wconf 91' lang='lat' dir='ltr'>res,</span> <span class='ocrx_word' id='word_1_146' title='bbox 651 1405 755 1446; x_wconf 89' lang='lat' dir='ltr'>quae</span> <span class='ocrx_word' id='word_1_147' title='bbox 787 1392 864 1434; x_wconf 90' lang='lat' dir='ltr'>sibi</span> <span class='ocrx_word' id='word_1_148' title='bbox 887 1393 1035 1447; x_wconf 89' lang='lat' dir='ltr'>opponi</span> <span class='ocrx_word' id='word_1_149' title='bbox 1057 1394 1240 1447; x_wconf 89' lang='lat' dir='ltr'>possunt,</span> <span class='ocrx_word' id='word_1_150' title='bbox 1275 1393 1402 1435; x_wconf 88' lang='lat' dir='ltr'>etiam</span> <span class='ocrx_word' id='word_1_151' title='bbox 1433 1405 1550 1447; x_wconf 90' lang='lat' dir='ltr'>pares</span> <span class='ocrx_word' id='word_1_152' title='bbox 1571 1405 1658 1436; x_wconf 90' lang='lat' dir='ltr'>esse</span> <span class='ocrx_word' id='word_1_153' title='bbox 1688 1392 1793 1436; x_wconf 89' lang='lat' dir='ltr'>sole-</span> 
     </span>
     <span class='ocr_line' id='line_1_21' title="bbox 244 1459 1792 1517; baseline -0.002 -9"><span class='ocrx_word' id='word_1_154' title='bbox 244 1464 335 1516; x_wconf 93' lang='lat' dir='ltr'>ant,</span> <span class='ocrx_word' id='word_1_155' title='bbox 378 1459 479 1506; x_wconf 90' lang='grc' dir='ltr'><em>ἀντί</em></span> <span class='ocrx_word' id='word_1_156' title='bbox 513 1474 609 1505; x_wconf 89' lang='grc'>011111</span> <span class='ocrx_word' id='word_1_157' title='bbox 648 1460 884 1504; x_wconf 79' lang='lat' dir='ltr'>nominibus</span> <span class='ocrx_word' id='word_1_158' title='bbox 931 1462 1204 1517; x_wconf 88' lang='lat' dir='ltr'>compositum</span> <span class='ocrx_word' id='word_1_159' title='bbox 1242 1462 1404 1517; x_wconf 83' lang='lat' dir='ltr'>saepius</span> <span class='ocrx_word' id='word_1_160' title='bbox 1450 1461 1792 1517; x_wconf 85' lang='lat' dir='ltr'>comparationem</span> 
     </span>
     <span class='ocr_line' id='line_1_22' title="bbox 242 1528 1789 1588; baseline -0.002 -11"><span class='ocrx_word' id='word_1_161' title='bbox 242 1532 441 1577; x_wconf 88' lang='lat' dir='ltr'>vocabulo</span> <span class='ocrx_word' id='word_1_162' title='bbox 471 1531 665 1588; x_wconf 90' lang='lat' dir='ltr'>iniungit.</span> <span class='ocrx_word' id='word_1_163' title='bbox 700 1528 903 1580; x_wconf 70' lang='grc' dir='ltr'><em>ἀντίθεος</em></span> <span class='ocrx_word' id='word_1_164' title='bbox 934 1532 1005 1586; x_wconf 90' lang='lat' dir='ltr'>qui</span> <span class='ocrx_word' id='word_1_165' title='bbox 1036 1531 1230 1575; x_wconf 87' lang='lat' dir='ltr'>adversus</span> <span class='ocrx_word' id='word_1_166' title='bbox 1262 1531 1385 1575; x_wconf 90' lang='lat' dir='ltr'>deum</span> <span class='ocrx_word' id='word_1_167' title='bbox 1407 1531 1504 1588; x_wconf 89' lang='lat' dir='ltr'>poni</span> <span class='ocrx_word' id='word_1_168' title='bbox 1525 1533 1660 1588; x_wconf 89' lang='lat' dir='ltr'>potest</span> <span class='ocrx_word' id='word_1_169' title='bbox 1695 1531 1720 1575; x_wconf 88' lang='lat' dir='ltr'>i.</span> <span class='ocrx_word' id='word_1_170' title='bbox 1756 1544 1789 1574; x_wconf 90' lang='lat' dir='ltr'>e.</span> 
     </span>
     <span class='ocr_line' id='line_1_23' title="bbox 242 1600 1363 1660; baseline -0.001 -13"><span class='ocrx_word' id='word_1_171' title='bbox 242 1602 315 1659; x_wconf 92' lang='lat' dir='ltr'>qui</span> <span class='ocrx_word' id='word_1_172' title='bbox 346 1602 421 1646; x_wconf 87' lang='lat' dir='ltr'>deo</span> <span class='ocrx_word' id='word_1_173' title='bbox 452 1615 527 1658; x_wconf 91' lang='lat' dir='ltr'>par</span> <span class='ocrx_word' id='word_1_174' title='bbox 558 1603 633 1646; x_wconf 90' lang='lat' dir='ltr'>est.</span> <span class='ocrx_word' id='word_1_175' title='bbox 669 1600 925 1660; x_wconf 84' lang='grc' dir='ltr'><em>ἀντιάνειρα</em></span> <span class='ocrx_word' id='word_1_176' title='bbox 956 1603 1044 1646; x_wconf 90' lang='lat' dir='ltr'>viro</span> <span class='ocrx_word' id='word_1_177' title='bbox 1076 1604 1363 1659; x_wconf 84' lang='lat' dir='ltr'>comparanda.</span> 
     </span>
    </p>

    <p class='ocr_par' dir='ltr' id='par_1_6' title="bbox 238 1670 1792 2074">
     <span class='ocr_line' id='line_1_24' title="bbox 385 1670 1792 1729; baseline 0.001 -14"><span class='ocrx_word' id='word_1_178' title='bbox 385 1670 471 1715; x_wconf 84' lang='grc' dir='ltr'><em>ἀνοῑ</em></span> <span class='ocrx_word' id='word_1_179' title='bbox 516 1673 677 1727; x_wconf 89' lang='lat' dir='ltr'>proprie</span> <span class='ocrx_word' id='word_1_180' title='bbox 724 1673 892 1728; x_wconf 90' lang='lat' dir='ltr'>quidem</span> <span class='ocrx_word' id='word_1_181' title='bbox 938 1674 1098 1716; x_wconf 92' lang='lat' dir='ltr'>motum</span> <span class='ocrx_word' id='word_1_182' title='bbox 1144 1686 1191 1716; x_wconf 89' lang='lat' dir='ltr'>ex</span> <span class='ocrx_word' id='word_1_183' title='bbox 1229 1672 1421 1716; x_wconf 87' lang='lat' dir='ltr'>inferiore</span> <span class='ocrx_word' id='word_1_184' title='bbox 1460 1674 1503 1716; x_wconf 93' lang='lat' dir='ltr'>in</span> <span class='ocrx_word' id='word_1_185' title='bbox 1542 1673 1792 1729; x_wconf 89' lang='lat' dir='ltr'>superiorem</span> 
     </span>
     <span class='ocr_line' id='line_1_25' title="bbox 240 1741 1789 1798; baseline -0.001 -12"><span class='ocrx_word' id='word_1_186' title='bbox 240 1743 378 1786; x_wconf 88' lang='lat' dir='ltr'>locum</span> <span class='ocrx_word' id='word_1_187' title='bbox 409 1742 578 1785; x_wconf 89' lang='lat' dir='ltr'>denotat</span> <span class='ocrx_word' id='word_1_188' title='bbox 609 1742 813 1798; x_wconf 84' lang='grc' dir='ltr'><em>ἅμβατος.</em></span> <span class='ocrx_word' id='word_1_189' title='bbox 846 1743 991 1785; x_wconf 88' lang='lat' dir='ltr'>eadem</span> <span class='ocrx_word' id='word_1_190' title='bbox 1022 1743 1084 1785; x_wconf 88' lang='lat' dir='ltr'>vis</span> <span class='ocrx_word' id='word_1_191' title='bbox 1125 1743 1438 1797; x_wconf 85' lang='lat' dir='ltr'>praepositionis</span> <span class='ocrx_word' id='word_1_192' title='bbox 1472 1741 1557 1785; x_wconf 85' lang='grc' dir='ltr'>ἀνά</span> <span class='ocrx_word' id='word_1_193' title='bbox 1588 1742 1715 1786; x_wconf 88' lang='lat' dir='ltr'>etiam</span> <span class='ocrx_word' id='word_1_194' title='bbox 1745 1743 1789 1785; x_wconf 92' lang='lat' dir='ltr'>in</span> 
     </span>
     <span class='ocr_line' id='line_1_26' title="bbox 245 1809 1791 1867; baseline 0 -13"><span class='ocrx_word' id='word_1_195' title='bbox 245 1811 463 1855; x_wconf 87' lang='lat' dir='ltr'>adiectivis</span> <span class='ocrx_word' id='word_1_196' title='bbox 504 1809 680 1860; x_wconf 84' lang='grc' dir='ltr'><em>ἀνεκτός</em></span> <span class='ocrx_word' id='word_1_197' title='bbox 711 1812 753 1853; x_wconf 89' lang='grc'>01</span> <span class='ocrx_word' id='word_1_198' title='bbox 792 1809 997 1865; x_wconf 82' lang='grc' dir='ltr'><em>ἀνσχετός</em></span> <span class='ocrx_word' id='word_1_199' title='bbox 1034 1811 1161 1862; x_wconf 83' lang='grc'>111031;</span> <span class='ocrx_word' id='word_1_200' title='bbox 1202 1811 1419 1855; x_wconf 87' lang='lat' dir='ltr'>tolerabile</span> <span class='ocrx_word' id='word_1_201' title='bbox 1456 1811 1499 1854; x_wconf 90' lang='lat' dir='ltr'>id</span> <span class='ocrx_word' id='word_1_202' title='bbox 1537 1811 1791 1867; x_wconf 88' lang='lat' dir='ltr'>appellatum</span> 
     </span>
     <span class='ocr_line' id='line_1_27' title="bbox 238 1880 1785 1935; baseline -0.001 -11"><span class='ocrx_word' id='word_1_203' title='bbox 238 1882 313 1933; x_wconf 89' lang='lat' dir='ltr'>est,</span> <span class='ocrx_word' id='word_1_204' title='bbox 347 1880 456 1935; x_wconf 88' lang='lat' dir='ltr'>quod</span> <span class='ocrx_word' id='word_1_205' title='bbox 487 1881 538 1923; x_wconf 90' lang='lat' dir='ltr'>ab</span> <span class='ocrx_word' id='word_1_206' title='bbox 569 1880 736 1923; x_wconf 88' lang='lat' dir='ltr'>homine</span> <span class='ocrx_word' id='word_1_207' title='bbox 767 1880 981 1932; x_wconf 85' lang='lat' dir='ltr'>retinetur,</span> <span class='ocrx_word' id='word_1_208' title='bbox 1017 1880 1207 1935; x_wconf 90' lang='lat' dir='ltr'>quamvis</span> <span class='ocrx_word' id='word_1_209' title='bbox 1244 1881 1281 1923; x_wconf 93' lang='lat' dir='ltr'>ei</span> <span class='ocrx_word' id='word_1_210' title='bbox 1317 1880 1553 1930; x_wconf 77' lang='lat' dir='ltr'>immineat3</span> <span class='ocrx_word' id='word_1_211' title='bbox 1586 1893 1717 1935; x_wconf 89' lang='lat' dir='ltr'>porro,</span> <span class='ocrx_word' id='word_1_212' title='bbox 1751 1880 1785 1923; x_wconf 89' lang='lat' dir='ltr'>si</span> 
     </span>
     <span class='ocr_line' id='line_1_28' title="bbox 243 1949 1787 2006; baseline 0.001 -13"><span class='ocrx_word' id='word_1_213' title='bbox 243 1950 296 1993; x_wconf 90' lang='lat' dir='ltr'>ad</span> <span class='ocrx_word' id='word_1_214' title='bbox 333 1951 499 2005; x_wconf 89' lang='lat' dir='ltr'>tempus</span> <span class='ocrx_word' id='word_1_215' title='bbox 536 1950 802 2002; x_wconf 86' lang='lat' dir='ltr'>transfertur,</span> <span class='ocrx_word' id='word_1_216' title='bbox 837 1951 974 1993; x_wconf 88' lang='lat' dir='ltr'>nostro</span> <span class='ocrx_word' id='word_1_217' title='bbox 1007 1950 1158 1994; x_wconf 76' lang='lat' dir='ltr'>zuruck</span> <span class='ocrx_word' id='word_1_218' title='bbox 1190 1950 1255 1994; x_wconf 88' lang='lat' dir='ltr'>vel</span> <span class='ocrx_word' id='word_1_219' title='bbox 1287 1950 1437 1995; x_wconf 87' lang='lat' dir='ltr'>wieder</span> <span class='ocrx_word' id='word_1_220' title='bbox 1467 1949 1685 2006; x_wconf 87' lang='lat' dir='ltr'>respondet</span> <span class='ocrx_word' id='word_1_221' title='bbox 1715 1949 1787 1994; x_wconf 84' lang='grc' dir='ltr'>ἄν·</span> 
     </span>
     <span class='ocr_line' id='line_1_29' title="bbox 241 2018 659 2074; baseline 0 -10"><span class='ocrx_word' id='word_1_222' title='bbox 241 2036 371 2074; x_wconf 88' lang='grc' dir='ltr'><em>τιτος,</em></span> <span class='ocrx_word' id='word_1_223' title='bbox 405 2018 659 2070; x_wconf 82' lang='grc' dir='ltr'><em>ἀνάποινος.</em></span> 
     </span>
    </p>

    <p class='ocr_par' dir='ltr' id='par_1_7' title="bbox 235 2083 1789 2355">
     <span class='ocr_line' id='line_1_30' title="bbox 382 2083 1786 2145; baseline 0.001 -13"><span class='ocrx_word' id='word_1_224' title='bbox 382 2088 473 2132; x_wconf 87' lang='grc' dir='ltr'><em>ἀπό</em></span> <span class='ocrx_word' id='word_1_225' title='bbox 511 2083 746 2133; x_wconf 82' lang='lat' dir='ltr'>abscessum</span> <span class='ocrx_word' id='word_1_226' title='bbox 786 2091 837 2133; x_wconf 91' lang='lat' dir='ltr'>ab</span> <span class='ocrx_word' id='word_1_227' title='bbox 877 2090 1017 2145; x_wconf 87' lang='lat' dir='ltr'>aliqua</span> <span class='ocrx_word' id='word_1_228' title='bbox 1055 2104 1099 2133; x_wconf 84' lang='lat' dir='ltr'>re</span> <span class='ocrx_word' id='word_1_229' title='bbox 1137 2090 1200 2133; x_wconf 88' lang='lat' dir='ltr'>ve]</span> <span class='ocrx_word' id='word_1_230' title='bbox 1244 2103 1290 2132; x_wconf 85' lang='lat' dir='ltr'>ex</span> <span class='ocrx_word' id='word_1_231' title='bbox 1331 2090 1468 2145; x_wconf 84' lang='lat' dir='ltr'>aliquo</span> <span class='ocrx_word' id='word_1_232' title='bbox 1502 2090 1589 2133; x_wconf 93' lang='grc'>1000</span> <span class='ocrx_word' id='word_1_233' title='bbox 1620 2090 1786 2133; x_wconf 85' lang='lat' dir='ltr'>indicat.</span> 
     </span>
     <span class='ocr_line' id='line_1_31' title="bbox 241 2158 1789 2216; baseline -0.001 -13"><span class='ocrx_word' id='word_1_234' title='bbox 241 2158 413 2216; x_wconf 86' lang='lat' dir='ltr'>Saepius</span> <span class='ocrx_word' id='word_1_235' title='bbox 459 2159 586 2203; x_wconf 90' lang='lat' dir='ltr'>etiam</span> <span class='ocrx_word' id='word_1_236' title='bbox 632 2160 770 2203; x_wconf 89' lang='lat' dir='ltr'>nostro</span> <span class='ocrx_word' id='word_1_237' title='bbox 788 2160 889 2203; x_wconf 83' lang='lat' dir='ltr'>-los</span> <span class='ocrx_word' id='word_1_238' title='bbox 943 2160 1048 2202; x_wconf 80' lang='lat' dir='ltr'>verti</span> <span class='ocrx_word' id='word_1_239' title='bbox 1098 2161 1249 2214; x_wconf 85' lang='lat' dir='ltr'>potest,</span> <span class='ocrx_word' id='word_1_240' title='bbox 1305 2173 1433 2214; x_wconf 88' lang='lat' dir='ltr'>quum</span> <span class='ocrx_word' id='word_1_241' title='bbox 1472 2172 1615 2203; x_wconf 90' lang='lat' dir='ltr'>earum</span> <span class='ocrx_word' id='word_1_242' title='bbox 1651 2172 1789 2202; x_wconf 90' lang='lat' dir='ltr'>rerum</span> 
     </span>
     <span class='ocr_line' id='line_1_32' title="bbox 235 2226 1785 2284; baseline 0 -12"><span class='ocrx_word' id='word_1_243' title='bbox 235 2241 260 2271; x_wconf 84' lang='lat' dir='ltr'>a</span> <span class='ocrx_word' id='word_1_244' title='bbox 291 2229 439 2284; x_wconf 90' lang='lat' dir='ltr'>quibus</span> <span class='ocrx_word' id='word_1_245' title='bbox 480 2229 729 2272; x_wconf 86' lang='lat' dir='ltr'>discedimus</span> <span class='ocrx_word' id='word_1_246' title='bbox 769 2229 896 2271; x_wconf 87' lang='lat' dir='ltr'>etiam</span> <span class='ocrx_word' id='word_1_247' title='bbox 937 2241 1159 2271; x_wconf 88' lang='lat' dir='ltr'>careamus.</span> <span class='ocrx_word' id='word_1_248' title='bbox 1204 2226 1475 2281; x_wconf 72' lang='grc' dir='ltr'><em>ἀποθύμιος,</em></span> <span class='ocrx_word' id='word_1_249' title='bbox 1517 2226 1785 2284; x_wconf 79' lang='grc' dir='ltr'><em>ἀποφώλιος,</em></span> 
     </span>
     <span class='ocr_line' id='line_1_33' title="bbox 235 2295 1174 2355; baseline -0.001 -14"><span class='ocrx_word' id='word_1_250' title='bbox 235 2296 453 2355; x_wconf 78' lang='grc' dir='ltr'><em>ἀπορρώξ,</em></span> <span class='ocrx_word' id='word_1_251' title='bbox 486 2296 756 2351; x_wconf 76' lang='grc' dir='ltr'><em>ἀπόθεστος,</em></span> <span class='ocrx_word' id='word_1_252' title='bbox 790 2295 1048 2354; x_wconf 77' lang='grc' dir='ltr'><em>ἀπότροπος</em></span> <span class='ocrx_word' id='word_1_253' title='bbox 1079 2297 1174 2341; x_wconf 87' lang='lat' dir='ltr'>alia.</span> 
     </span>
    </p>

    <p class='ocr_par' dir='ltr' id='par_1_8' title="bbox 236 2366 1791 2915">
     <span class='ocr_line' id='line_1_34' title="bbox 379 2366 1787 2423; baseline -0.001 -11"><span class='ocrx_word' id='word_1_254' title='bbox 379 2367 453 2412; x_wconf 81' lang='grc' dir='ltr'>ἐπὶ</span> <span class='ocrx_word' id='word_1_255' title='bbox 468 2369 634 2411; x_wconf 88' lang='lat' dir='ltr'>omnino</span> <span class='ocrx_word' id='word_1_256' title='bbox 653 2368 732 2410; x_wconf 91' lang='lat' dir='ltr'>loci</span> <span class='ocrx_word' id='word_1_257' title='bbox 748 2367 1102 2423; x_wconf 86' lang='lat' dir='ltr'>propinquitatem</span> <span class='ocrx_word' id='word_1_258' title='bbox 1118 2366 1292 2417; x_wconf 86' lang='lat' dir='ltr'>indicat;</span> <span class='ocrx_word' id='word_1_259' title='bbox 1325 2382 1418 2410; x_wconf 83' lang='lat' dir='ltr'>cum</span> <span class='ocrx_word' id='word_1_260' title='bbox 1442 2381 1538 2412; x_wconf 87' lang='lat' dir='ltr'>casu</span> <span class='ocrx_word' id='word_1_261' title='bbox 1561 2368 1699 2411; x_wconf 88' lang='lat' dir='ltr'>dativo</span> <span class='ocrx_word' id='word_1_262' title='bbox 1721 2381 1787 2411; x_wconf 91' lang='lat' dir='ltr'>co-</span> 
     </span>
     <span class='ocr_line' id='line_1_35' title="bbox 238 2434 1791 2495; baseline -0.001 -13"><span class='ocrx_word' id='word_1_263' title='bbox 238 2437 457 2482; x_wconf 90' lang='lat' dir='ltr'>niunctum</span> <span class='ocrx_word' id='word_1_264' title='bbox 474 2437 758 2492; x_wconf 85' lang='lat' dir='ltr'>accipiendum</span> <span class='ocrx_word' id='word_1_265' title='bbox 779 2438 841 2480; x_wconf 87' lang='lat' dir='ltr'>est</span> <span class='ocrx_word' id='word_1_266' title='bbox 858 2438 900 2480; x_wconf 92' lang='lat' dir='ltr'>in</span> <span class='ocrx_word' id='word_1_267' title='bbox 918 2437 983 2480; x_wconf 87' lang='lat' dir='ltr'>his</span> <span class='ocrx_word' id='word_1_268' title='bbox 1002 2436 1255 2491; x_wconf 88' lang='lat' dir='ltr'>compositis:</span> <span class='ocrx_word' id='word_1_269' title='bbox 1288 2438 1489 2492; x_wconf 65' lang='grc' dir='ltr'><em>έφὲστιος</em></span> <span class='ocrx_word' id='word_1_270' title='bbox 1513 2456 1552 2474; x_wconf 88' lang='lat'><strong><em>=</em></strong></span> <span class='ocrx_word' id='word_1_271' title='bbox 1577 2434 1647 2492; x_wconf 78' lang='grc' dir='ltr'>ἐφ’</span> <span class='ocrx_word' id='word_1_272' title='bbox 1666 2440 1791 2495; x_wconf 67' lang='grc' dir='ltr'><em>ἑστίᾳ</em></span> 
     </span>
     <span class='ocr_line' id='line_1_36' title="bbox 238 2506 1788 2564; baseline 0.002 -16"><span class='ocrx_word' id='word_1_273' title='bbox 238 2506 313 2559; x_wconf 74' lang='grc' dir='ltr'>(ὄν,</span> <span class='ocrx_word' id='word_1_274' title='bbox 347 2507 617 2562; x_wconf 68' lang='grc' dir='ltr'><em>ἐπιχθόνιος,</em></span> <span class='ocrx_word' id='word_1_275' title='bbox 651 2506 925 2563; x_wconf 76' lang='grc' dir='ltr'><em>ἐπουράνιος,</em></span> <span class='ocrx_word' id='word_1_276' title='bbox 952 2506 1241 2561; x_wconf 78' lang='grc' dir='ltr'><em>ἐπομφάλιος,</em></span> <span class='ocrx_word' id='word_1_277' title='bbox 1265 2507 1576 2564; x_wconf 77' lang='grc' dir='ltr'><em>ἐπιστάφυλος,</em></span> <span class='ocrx_word' id='word_1_278' title='bbox 1602 2508 1788 2564; x_wconf 77' lang='grc' dir='ltr'><em>ἐπάρου-</em></span> 
     </span>
     <span class='ocr_line' id='line_1_37' title="bbox 238 2575 1787 2634; baseline 0.001 -14"><span class='ocrx_word' id='word_1_279' title='bbox 238 2593 326 2634; x_wconf 84' lang='grc' dir='ltr'>ρος,</span> <span class='ocrx_word' id='word_1_280' title='bbox 349 2575 679 2634; x_wconf 64' lang='grc' dir='ltr'><em>ἐπ’ἀρούρᾳώίκ</em></span> <span class='ocrx_word' id='word_1_281' title='bbox 699 2576 803 2619; x_wconf 85' lang='lat' dir='ltr'>falso</span> <span class='ocrx_word' id='word_1_282' title='bbox 812 2576 1025 2619; x_wconf 88' lang='lat' dir='ltr'>Ameisius</span> <span class='ocrx_word' id='word_1_283' title='bbox 1042 2576 1164 2618; x_wconf 90' lang='lat' dir='ltr'>Hom.</span> <span class='ocrx_word' id='word_1_284' title='bbox 1178 2575 1297 2629; x_wconf 81' lang='lat' dir='ltr'>Od.1,</span> <span class='ocrx_word' id='word_1_285' title='bbox 1322 2581 1340 2619; x_wconf 84' lang='lat'>].</span> <span class='ocrx_word' id='word_1_286' title='bbox 1361 2591 1401 2633; x_wconf 87' lang='lat' dir='ltr'>p.</span> <span class='ocrx_word' id='word_1_287' title='bbox 1417 2579 1498 2621; x_wconf 88' lang='grc'>182</span> <span class='ocrx_word' id='word_1_288' title='bbox 1516 2578 1591 2621; x_wconf 91' lang='lat' dir='ltr'>hoc</span> <span class='ocrx_word' id='word_1_289' title='bbox 1610 2578 1787 2621; x_wconf 90' lang='lat' dir='ltr'>vocabu—</span> 
     </span>
     <span class='ocr_line' id='line_1_38' title="bbox 240 2646 1786 2703; baseline 0.001 -12"><span class='ocrx_word' id='word_1_290' title='bbox 240 2646 329 2690; x_wconf 91' lang='lat' dir='ltr'>lum</span> <span class='ocrx_word' id='word_1_291' title='bbox 346 2660 488 2691; x_wconf 89' lang='lat' dir='ltr'>eorum</span> <span class='ocrx_word' id='word_1_292' title='bbox 504 2647 548 2690; x_wconf 92' lang='lat' dir='ltr'>in</span> <span class='ocrx_word' id='word_1_293' title='bbox 565 2659 786 2690; x_wconf 85' lang='lat' dir='ltr'>numerum</span> <span class='ocrx_word' id='word_1_294' title='bbox 802 2646 959 2700; x_wconf 86' lang='lat' dir='ltr'>retulit,</span> <span class='ocrx_word' id='word_1_295' title='bbox 979 2659 1154 2702; x_wconf 90' lang='lat' dir='ltr'>quorum</span> <span class='ocrx_word' id='word_1_296' title='bbox 1169 2647 1489 2703; x_wconf 88' lang='lat' dir='ltr'>praepositiones</span> <span class='ocrx_word' id='word_1_297' title='bbox 1499 2661 1594 2692; x_wconf 93' lang='lat' dir='ltr'>cum</span> <span class='ocrx_word' id='word_1_298' title='bbox 1602 2647 1786 2692; x_wconf 83' lang='lat' dir='ltr'>Aristar-</span> 
     </span>
     <span class='ocr_line' id='line_1_39' title="bbox 239 2716 1786 2773; baseline -0.001 -12"><span class='ocrx_word' id='word_1_299' title='bbox 239 2716 313 2761; x_wconf 90' lang='lat' dir='ltr'>cho</span> <span class='ocrx_word' id='word_1_300' title='bbox 335 2718 433 2762; x_wconf 91' lang='lat' dir='ltr'>nota</span> <span class='ocrx_word' id='word_1_301' title='bbox 453 2717 661 2772; x_wconf 83' lang='grc' dir='ltr'><em>περιττόν</em></span> <span class='ocrx_word' id='word_1_302' title='bbox 679 2717 832 2773; x_wconf 88' lang='lat' dir='ltr'>signari</span> <span class='ocrx_word' id='word_1_303' title='bbox 855 2717 1024 2771; x_wconf 88' lang='lat' dir='ltr'>possint,</span> <span class='ocrx_word' id='word_1_304' title='bbox 1058 2729 1186 2771; x_wconf 91' lang='lat' dir='ltr'>quum</span> <span class='ocrx_word' id='word_1_305' title='bbox 1207 2730 1355 2761; x_wconf 92' lang='lat' dir='ltr'>nomen</span> <span class='ocrx_word' id='word_1_306' title='bbox 1379 2716 1563 2772; x_wconf 86' lang='grc' dir='ltr'><em>ἀρουρος</em></span> <span class='ocrx_word' id='word_1_307' title='bbox 1582 2730 1786 2772; x_wconf 90' lang='lat' dir='ltr'>nusquam</span> 
     </span>
     <span class='ocr_line' id='line_1_40' title="bbox 237 2785 1786 2844; baseline -0.001 -13"><span class='ocrx_word' id='word_1_308' title='bbox 237 2786 485 2831; x_wconf 88' lang='lat' dir='ltr'>inveniatur.</span> <span class='ocrx_word' id='word_1_309' title='bbox 519 2785 665 2830; x_wconf 84' lang='lat' dir='ltr'>deinde</span> <span class='ocrx_word' id='word_1_310' title='bbox 684 2785 978 2831; x_wconf 88' lang='lat' dir='ltr'>adverbialiter</span> <span class='ocrx_word' id='word_1_311' title='bbox 993 2785 1174 2842; x_wconf 89' lang='lat' dir='ltr'>positum</span> <span class='ocrx_word' id='word_1_312' title='bbox 1191 2788 1264 2831; x_wconf 90' lang='lat' dir='ltr'>aut</span> <span class='ocrx_word' id='word_1_313' title='bbox 1278 2789 1439 2832; x_wconf 92' lang='lat' dir='ltr'>motum</span> <span class='ocrx_word' id='word_1_314' title='bbox 1460 2787 1504 2830; x_wconf 92' lang='lat' dir='ltr'>in</span> <span class='ocrx_word' id='word_1_315' title='bbox 1526 2787 1709 2844; x_wconf 88' lang='lat' dir='ltr'>aliquem</span> <span class='ocrx_word' id='word_1_316' title='bbox 1723 2787 1786 2830; x_wconf 95' lang='grc'>10-</span> 
     </span>
     <span class='ocr_line' id='line_1_41' title="bbox 236 2856 1785 2915; baseline 0 -16"><span class='ocrx_word' id='word_1_317' title='bbox 236 2869 331 2900; x_wconf 86' lang='grc'>011111</span> <span class='ocrx_word' id='word_1_318' title='bbox 362 2856 519 2904; x_wconf 85' lang='lat' dir='ltr'>indicat</span> <span class='ocrx_word' id='word_1_319' title='bbox 551 2857 742 2914; x_wconf 73' lang='grc' dir='ltr'><em>ἐπιβλής,</em></span> <span class='ocrx_word' id='word_1_320' title='bbox 775 2858 1024 2915; x_wconf 81' lang='grc' dir='ltr'><em>ἐπίδρομος,</em></span> <span class='ocrx_word' id='word_1_321' title='bbox 1058 2857 1284 2914; x_wconf 80' lang='grc' dir='ltr'><em>ἐπήλατος,</em></span> <span class='ocrx_word' id='word_1_322' title='bbox 1317 2859 1388 2902; x_wconf 85' lang='grc'>0111</span> <span class='ocrx_word' id='word_1_323' title='bbox 1409 2858 1559 2902; x_wconf 89' lang='lat' dir='ltr'>nostris</span> <span class='ocrx_word' id='word_1_324' title='bbox 1581 2857 1785 2901; x_wconf 86' lang='lat' dir='ltr'>adverbiis</span> 
     </span>
    </p>
   </div>
  </div>
 </body>
</html>
